% Python

@ARTICLE{ForemanMackey13,
       author = {{Foreman-Mackey}, Daniel and {Hogg}, David W. and {Lang}, Dustin and {Goodman}, Jonathan},
        title = "{emcee: The MCMC Hammer}",
      journal = {\pasp},
     keywords = {Astrophysics - Instrumentation and Methods for Astrophysics, Physics - Computational Physics, Statistics - Computation},
         year = 2013,
        month = mar,
       volume = {125},
       number = {925},
        pages = {306},
          doi = {10.1086/670067},
archivePrefix = {arXiv},
       eprint = {1202.3665},
 primaryClass = {astro-ph.IM},
       adsurl = {https://ui.adsabs.harvard.edu/abs/2013PASP..125..306F},
      adsnote = {Provided by the SAO/NASA Astrophysics Data System}
}


@ARTICLE{Way19,
       author = {{Way}, Z. and {Stanek}, K.~Z. and {Kochanek}, C.~S. and
         {Jayasinghe}, T. and {Vallely}, P. and {Basinger}, C. and
         {Thompson}, T.~A. and {Shappee}, B.~J. and {Holoien}, T.~W. -S. and
         {Prieto}, J.~L. and {Dong}, Subo and {Stritzinger}, M.},
        title = "{ASAS-SN Discovery of an Unusual, Rapidly Fading Star}",
      journal = {The Astronomer's Telegram},
     keywords = {Star, Variables},
         year = "2019",
        month = "Dec",
       volume = {13346},
        pages = {1},
       adsurl = {https://ui.adsabs.harvard.edu/abs/2019ATel13346....1W},
      adsnote = {Provided by the SAO/NASA Astrophysics Data System}
}

@ARTICLE{Way19b,
       author = {{Way}, Z. and {Stanek}, K.~Z. and {Kochanek}, C.~S. and
         {Jayasinghe}, T. and {Vallely}, P. and {Basinger}, C. and
         {Thompson}, T.~A. and {Shappee}, B.~J. and {Holoien}, T.~W. -S. and
         {Prieto}, J.~L. and {Dong}, Subo and {Stritzinger}, M.},
        title = "{Continued Unusual Behavior of ASASSN-V J060000.76-310027.83}",
      journal = {The Astronomer's Telegram},
     keywords = {Star, Variables},
         year = "2019",
        month = "Dec",
       volume = {13357},
        pages = {1},
       adsurl = {https://ui.adsabs.harvard.edu/abs/2019ATel13357....1W},
      adsnote = {Provided by the SAO/NASA Astrophysics Data System}
}

@MISC{Virtanen20B,
       author = {{Virtanen}, Pauli and {Gommers}, Ralf and {Burovski}, Evgeni and
         {Oliphant}, Travis E. and {Weckesser}, Warren and {Cournapeau}, David and
         {Alexbrc} and {Peterson}, Pearu and {Reddy}, Tyler and {Wilson}, Josh and
         {Haberland}, Matt and {Mayorov}, Nikolay and {Endolith} and
         {Nelson}, Andrew and {Der Van Walt}, Stefan and {Laxalde}, Denis and
         {Brett}, Matthew and {Polat}, Ilhan and {Larson}, Eric and
         {Millman}, Jarrod and {Lars} and {Van Mulbregt}, Paul and {Eric-Jones} and
         {Carey}, CJ and {Moore}, Eric and {Kern}, Robert and {Leslie}, Tim and
         {Perktold}, Josef and {Striega}, Kai and {Feng}, Yu},
        title = "{scipy/scipy: SciPy 1.5.3}",
         year = 2020,
        month = oct,
          eid = {10.5281/zenodo.595738},
          doi = {10.5281/zenodo.595738},
      version = {v1.5.3},
    publisher = {Zenodo},
       adsurl = {https://ui.adsabs.harvard.edu/abs/2020zndo....595738V},
      adsnote = {Provided by the SAO/NASA Astrophysics Data System}
}

@ARTICLE{Oberg20,
       author = {{Oberg}, N. and {Kamp}, I. and {Cazaux}, S. and {Rab}, Ch.},
        title = "{Photoevaporation of the Jovian circumplanetary disk. I. Explaining the orbit of Callisto and the lack of outer regular satellites}",
      journal = {\aap},
     keywords = {planets and satellites: formation, planets and satellites: individual: Jupiter, protoplanetary disks, planets and satellites: individual: Galilean Satellites, open clusters and associations: individual: Solar birth cluster, Astrophysics - Earth and Planetary Astrophysics, Astrophysics - Solar and Stellar Astrophysics},
         year = 2020,
        month = jun,
       volume = {638},
          eid = {A135},
        pages = {A135},
          doi = {10.1051/0004-6361/202037883},
archivePrefix = {arXiv},
       eprint = {2005.05132},
 primaryClass = {astro-ph.EP},
       adsurl = {https://ui.adsabs.harvard.edu/abs/2020A&A...638A.135O},
      adsnote = {Provided by the SAO/NASA Astrophysics Data System}
}



@software{pauli_virtanen_2020_4100507,
  author       = {Pauli Virtanen and
                  Ralf Gommers and
                  Evgeni Burovski and
                  Travis E. Oliphant and
                  Warren Weckesser and
                  David Cournapeau and
                  alexbrc and
                  Pearu Peterson and
                  Tyler Reddy and
                  Josh Wilson and
                  Matt Haberland and
                  Nikolay Mayorov and
                  endolith and
                  Andrew Nelson and
                  Stefan van der Walt and
                  Denis Laxalde and
                  Matthew Brett and
                  Ilhan Polat and
                  Eric Larson and
                  Jarrod Millman and
                  Lars and
                  Paul van Mulbregt and
                  eric-jones and
                  CJ Carey and
                  Eric Moore and
                  Robert Kern and
                  Tim Leslie and
                  Josef Perktold and
                  Kai Striega and
                  Yu Feng},
  title        = {scipy/scipy: SciPy 1.5.3},
  month        = oct,
  year         = 2020,
  publisher    = {Zenodo},
  version      = {v1.5.3},
  doi          = {10.5281/zenodo.4100507},
  url          = {https://doi.org/10.5281/zenodo.4100507}
}

@software{thomas_a_caswell_2020_4030140,
  author       = {Thomas A Caswell and
                  Michael Droettboom and
                  Antony Lee and
                  John Hunter and
                  Elliott Sales de Andrade and
                  Eric Firing and
                  Tim Hoffmann and
                  Jody Klymak and
                  David Stansby and
                  Nelle Varoquaux and
                  Jens Hedegaard Nielsen and
                  Benjamin Root and
                  Ryan May and
                  Phil Elson and
                  Jouni K. Sepp√§nen and
                  Darren Dale and
                  Jae-Joon Lee and
                  Damon McDougall and
                  Andrew Straw and
                  Paul Hobson and
                  Christoph Gohlke and
                  Tony S Yu and
                  Eric Ma and
                  Adrien F. Vincent and
                  Steven Silvester and
                  Charlie Moad and
                  Nikita Kniazev and
                  hannah and
                  Elan Ernest and
                  Paul Ivanov},
  title        = {matplotlib/matplotlib: REL: v3.3.2},
  month        = sep,
  year         = 2020,
  publisher    = {Zenodo},
  version      = {v3.3.2},
  doi          = {10.5281/zenodo.4030140},
  url          = {https://doi.org/10.5281/zenodo.4030140}
}

@MISC{Caswell20,
       author = {{Caswell}, Thomas A and {Droettboom}, Michael and {Lee}, Antony and
         {Hunter}, John and {De Sales Andrade}, Elliott and {Firing}, Eric and
         {Hoffmann}, Tim and {Klymak}, Jody and {Stansby}, David and
         {Varoquaux}, Nelle and {Hedegaard Nielsen}, Jens and {Root}, Benjamin and
         {May}, Ryan and {Elson}, Phil and {Sepp{\"a}nen}, Jouni K. and
         {Dale}, Darren and {Lee}, Jae-Joon and {McDougall}, Damon and
         {Straw}, Andrew and {Hobson}, Paul and {Gohlke}, Christoph and
         {Yu}, Tony S and {Ma}, Eric and {Vincent}, Adrien F. and
         {Silvester}, Steven and {Moad}, Charlie and {Kniazev}, Nikita and
         {Hannah} and {Ernest}, Elan and {Ivanov}, Paul},
        title = "{matplotlib/matplotlib: REL: v3.3.2}",
         year = 2020,
        month = sep,
          eid = {10.5281/zenodo.592536},
          doi = {10.5281/zenodo.592536},
      version = {v3.3.2},
    publisher = {Zenodo},
       adsurl = {https://ui.adsabs.harvard.edu/abs/2020zndo....592536C},
      adsnote = {Provided by the SAO/NASA Astrophysics Data System}
}



@ARTICLE{Lagrange20,
       author = {{Lagrange}, A.~M. and {Rubini}, P. and {Nowak}, M. and {Lacour}, S. and
         {Grandjean}, A. and {Boccaletti}, A. and {Langlois}, M. and
         {Delorme}, P. and {Gratton}, R. and {Wang}, J. and {Flasseur}, O. and
         {Galicher}, R. and {Kral}, Q. and {Meunier}, N. and {Beust}, H. and
         {Babusiaux}, C. and {Le Coroller}, H. and {Thebault}, P. and
         {Kervella}, P. and {Zurlo}, A. and {Maire}, A. -L. and {Wahhaj}, Z. and
         {Amorim}, A. and {Asensio-Torres}, R. and {Benisty}, M. and
         {Berger}, J.~P. and {Bonnefoy}, M. and {Brandner}, W. and
         {Cantalloube}, F. and {Charnay}, B. and {Chauvin}, G. and
         {Choquet}, E. and {Cl{\'e}net}, Y. and {Christiaens}, V. and
         {Coud{\'e} Du Foresto}, V. and {de Zeeuw}, P.~T. and {Desidera}, S. and
         {Duvert}, G. and {Eckart}, A. and {Eisenhauer}, F. and {Galland}, F. and
         {Gao}, F. and {Garcia}, P. and {Garcia Lopez}, R. and {Gendron}, E. and
         {Genzel}, R. and {Gillessen}, S. and {Girard}, J. and {Hagelberg}, J. and
         {Haubois}, X. and {Henning}, T. and {Heissel}, G. and {Hippler}, S. and
         {Horrobin}, M. and {Janson}, M. and {Kammerer}, J. and {Kenworthy}, M. and
         {Keppler}, M. and {Kreidberg}, L. and {Lapeyr{\`e}re}, V. and
         {Le Bouquin}, J. -B. and {L{\'e}na}, P. and {M{\'e}rand}, A. and
         {Messina}, S. and {Molli{\`e}re}, P. and {Monnier}, J.~D. and
         {Ott}, T. and {Otten}, G. and {Paumard}, T. and {Paladini}, C. and
         {Perraut}, K. and {Perrin}, G. and {Pueyo}, L. and {Pfuhl}, O. and
         {Rodet}, L. and {Rodriguez-Coira}, G. and {Rousset}, G. and {Samland
        }, M. and {Shangguan}, J. and {Schmidt}, T. and {Straub}, O. and
         {Straubmeier}, C. and {Stolker}, T. and {Vigan}, A. and {Vincent}, F. and
         {Widmann}, F. and {Woillez}, J. and {Gravity Collaboration}},
        title = "{Unveiling the {\ensuremath{\beta}} Pictoris system, coupling high contrast imaging, interferometric, and radial velocity data}",
      journal = {\aap},
     keywords = {techniques: high angular resolution, techniques: radial velocities, planets and satellites: detection, planets and satellites: fundamental parameters},
         year = 2020,
        month = oct,
       volume = {642},
          eid = {A18},
        pages = {A18},
          doi = {10.1051/0004-6361/202038823},
       adsurl = {https://ui.adsabs.harvard.edu/abs/2020A&A...642A..18L},
      adsnote = {Provided by the SAO/NASA Astrophysics Data System}
}


@ARTICLE{Nowak20,
       author = {{Nowak}, M. and {Lacour}, S. and {Lagrange}, A. -M. and {Rubini}, P. and
         {Wang}, J. and {Stolker}, T. and {Abuter}, R. and {Amorim}, A. and
         {Asensio-Torres}, R. and {Baub{\"o}ck}, M. and {Benisty}, M. and
         {Berger}, J.~P. and {Beust}, H. and {Blunt}, S. and {Boccaletti}, A. and
         {Bonnefoy}, M. and {Bonnet}, H. and {Brandner}, W. and
         {Cantalloube}, F. and {Charnay}, B. and {Choquet}, E. and
         {Christiaens}, V. and {Cl{\'e}net}, Y. and {Coud{\'e} Du Foresto}, V. and
         {Cridland}, A. and {de Zeeuw}, P.~T. and {Dembet}, R. and {Dexter}, J. and
         {Drescher}, A. and {Duvert}, G. and {Eckart}, A. and {Eisenhauer}, F. and
         {Gao}, F. and {Garcia}, P. and {Garcia Lopez}, R. and {Gardner}, T. and
         {Gendron}, E. and {Genzel}, R. and {Gillessen}, S. and {Girard}, J. and
         {Grandjean}, A. and {Haubois}, X. and {Hei{\ss}el}, G. and
         {Henning}, T. and {Hinkley}, S. and {Hippler}, S. and {Horrobin}, M. and
         {Houll{\'e}}, M. and {Hubert}, Z. and {Jim{\'e}nez-Rosales}, A. and
         {Jocou}, L. and {Kammerer}, J. and {Kervella}, P. and {Keppler}, M. and
         {Kreidberg}, L. and {Kulikauskas}, M. and {Lapeyr{\`e}re}, V. and
         {Le Bouquin}, J. -B. and {L{\'e}na}, P. and {M{\'e}rand}, A. and
         {Maire}, A. -L. and {Molli{\`e}re}, P. and {Monnier}, J.~D. and
         {Mouillet}, D. and {M{\"u}ller}, A. and {Nasedkin}, E. and {Ott}, T. and
         {Otten}, G. and {Paumard}, T. and {Paladini}, C. and {Perraut}, K. and
         {Perrin}, G. and {Pueyo}, L. and {Pfuhl}, O. and {Rameau}, J. and
         {Rodet}, L. and {Rodr{\'\i}guez-Coira}, G. and {Rousset}, G. and
         {Scheithauer}, S. and {Shangguan}, J. and {Stadler}, J. and
         {Straub}, O. and {Straubmeier}, C. and {Sturm}, E. and
         {Tacconi}, L.~J. and {van Dishoeck}, E.~F. and {Vigan}, A. and
         {Vincent}, F. and {von Fellenberg}, S.~D. and {Ward-Duong}, K. and
         {Widmann}, F. and {Wieprecht}, E. and {Wiezorrek}, E. and
         {Woillez}, J. and {Gravity Collaboration}},
        title = "{Direct confirmation of the radial-velocity planet {\ensuremath{\beta}} Pictoris c}",
      journal = {\aap},
     keywords = {planets and satellites: detection, planets and satellites: formation, techniques: interferometric, Astrophysics - Earth and Planetary Astrophysics, Astrophysics - Instrumentation and Methods for Astrophysics},
         year = 2020,
        month = oct,
       volume = {642},
          eid = {L2},
        pages = {L2},
          doi = {10.1051/0004-6361/202039039},
archivePrefix = {arXiv},
       eprint = {2010.04442},
 primaryClass = {astro-ph.EP},
       adsurl = {https://ui.adsabs.harvard.edu/abs/2020A&A...642L...2N},
      adsnote = {Provided by the SAO/NASA Astrophysics Data System}
}




@ARTICLE{Speedie20,
       author = {{Speedie}, Jessica and {Zanazzi}, J.~J.},
        title = "{The structure and stability of extended, inclined circumplanetary disc or ring systems}",
      journal = {\mnras},
     keywords = {planets and satellites: detection, planets and satellites: dynamical evolution and stability, planets and satellites: individual: J1407b, planets and satellites: rings, planet-disc interactions, Astrophysics - Earth and Planetary Astrophysics},
         year = 2020,
        month = jul,
       volume = {497},
       number = {2},
        pages = {1870-1883},
          doi = {10.1093/mnras/staa2068},
archivePrefix = {arXiv},
       eprint = {1912.00034},
 primaryClass = {astro-ph.EP},
       adsurl = {https://ui.adsabs.harvard.edu/abs/2020MNRAS.497.1870S},
      adsnote = {Provided by the SAO/NASA Astrophysics Data System}
}




@ARTICLE{Crouzet18,
       author = {{Crouzet}, N. and {Chapellier}, E. and {Guillot}, T. and
         {M{\'e}karnia}, D. and {Agabi}, A. and {Fante{\"\i}-Caujolle}, Y. and
         {Abe}, L. and {Rivet}, J. -P. and {Schmider}, F. -X. and {Fressin}, F. and
         {Bondoux}, E. and {Challita}, Z. and {Pouzenc}, C. and
         {Valbousquet}, F. and {Bayliss}, D. and {Bonhomme}, S. and
         {Daban}, J. -B. and {Gouvret}, C. and {Blazit}, A.},
        title = "{Four winters of photometry with ASTEP South at Dome C, Antarctica}",
      journal = {\aap},
     keywords = {methods: observational, methods: data analysis, techniques: photometric, site testing, stars: variables: delta Scuti, binaries: eclipsing, Astrophysics - Instrumentation and Methods for Astrophysics, Astrophysics - Earth and Planetary Astrophysics},
         year = 2018,
        month = nov,
       volume = {619},
          eid = {A116},
        pages = {A116},
          doi = {10.1051/0004-6361/201732565},
archivePrefix = {arXiv},
       eprint = {1807.10807},
 primaryClass = {astro-ph.IM},
       adsurl = {https://ui.adsabs.harvard.edu/abs/2018A&A...619A.116C},
      adsnote = {Provided by the SAO/NASA Astrophysics Data System}
}

@ARTICLE{Mekarnia16,
       author = {{M{\'e}karnia}, D. and {Guillot}, T. and {Rivet}, J. -P. and
         {Schmider}, F. -X. and {Abe}, L. and {Gon{\c{c}}alves}, I. and
         {Agabi}, A. and {Crouzet}, N. and {Fruth}, T. and {Barbieri}, M. and
         {Bayliss}, D.~D.~R. and {Zhou}, G. and {Aristidi}, E. and
         {Szulagyi}, J. and {Daban}, J. -B. and {Fante{\"\i}-Caujolle}, Y. and
         {Gouvret}, C. and {Erikson}, A. and {Rauer}, H. and {Bouchy}, F. and
         {Gerakis}, J. and {Bouchez}, G.},
        title = "{Transiting planet candidates with ASTEP 400 at Dome C, Antarctica}",
      journal = {\mnras},
     keywords = {instrumentation: photometers, methods: data analysis, methods: observational, planetary systems},
         year = 2016,
        month = nov,
       volume = {463},
       number = {1},
        pages = {45-62},
          doi = {10.1093/mnras/stw1934},
       adsurl = {https://ui.adsabs.harvard.edu/abs/2016MNRAS.463...45M},
      adsnote = {Provided by the SAO/NASA Astrophysics Data System}
}


% Start: Additions by Konstanze
@ARTICLE{pablo2016,
       author = {{Pablo}, H. and {Whittaker}, G.~N. and {Popowicz}, A. and
         {Mochnacki}, S.~M. and {Kuschnig}, R. and {Grant}, C.~C. and
         {Moffat}, A.~F.~J. and {Rucinski}, S.~M. and {Matthews}, J.~M. and
         {Schwarzenberg-Czerny}, A. and {Handler}, G. and {Weiss}, W.~W. and
         {Baade}, D. and {Wade}, G.~A. and {Zoc{\l}o{\'n}ska}, E. and
         {Ramiaramanantsoa}, T. and {Unterberger}, M. and {Zwintz}, K. and
         {Pigulski}, A. and {Rowe}, J. and {Koudelka}, O. and
         {Orlea{\'n}ski}, P. and {Pamyatnykh}, A. and {Neiner}, C. and
         {Wawrzaszek}, R. and {Marciniszyn}, G. and {Romano}, P. and
         {Wo{\'z}niak}, G. and {Zawistowski}, T. and {Zee}, R.~E.},
        title = "{The BRITE Constellation Nanosatellite Mission: Testing, Commissioning, and Operations}",
      journal = {\pasp},
     keywords = {Astrophysics - Instrumentation and Methods for Astrophysics},
         year = 2016,
        month = dec,
       volume = {128},
       number = {970},
        pages = {125001},
          doi = {10.1088/1538-3873/128/970/125001},
archivePrefix = {arXiv},
       eprint = {1608.00282},
 primaryClass = {astro-ph.IM},
       adsurl = {https://ui.adsabs.harvard.edu/abs/2016PASP..128l5001P},
      adsnote = {Provided by the SAO/NASA Astrophysics Data System}
}

@ARTICLE{Nielsen16,
       author = {{Nielsen}, Eric L. and {De Rosa}, Robert J. and {Wang}, Jason and
         {Rameau}, Julien and {Song}, Inseok and {Graham}, James R. and
         {Macintosh}, Bruce and {Ammons}, Mark and {Bailey}, Vanessa P. and
         {Barman}, Travis S. and {Bulger}, Joanna and {Chilcote}, Jeffrey K. and
         {Cotten}, Tara and {Doyon}, Rene and {Duch{\^e}ne}, Gaspard and
         {Fitzgerald}, Michael P. and {Follette}, Katherine B. and
         {Greenbaum}, Alexandra Z. and {Hibon}, Pascale and {Hung}, Li-Wei and
         {Ingraham}, Patrick and {Kalas}, Paul and {Konopacky}, Quinn M. and
         {Larkin}, James E. and {Maire}, J{\'e}r{\^o}me and {Marchis}, Franck and
         {Marley}, Mark S. and {Marois}, Christian and {Metchev}, Stanimir and
         {Millar-Blanchaer}, Maxwell A. and {Oppenheimer}, Rebecca and
         {Palmer}, David W. and {Patience}, Jenny and {Perrin}, Marshall D. and
         {Poyneer}, Lisa A. and {Pueyo}, Laurent and {Rajan}, Abhijith and
         {Rantakyr{\"o}}, Fredrik T. and {Savransky}, Dmitry and
         {Schneider}, Adam C. and {Sivaramakrishnan}, Anand and {Soummer}, Remi and
         {Thomas}, Sandrine and {Wallace}, J. Kent and {Ward-Duong}, Kimberly and
         {Wiktorowicz}, Sloane J. and {Wolff}, Schuyler G.},
        title = "{Dynamical Mass Measurement of the Young Spectroscopic Binary V343 Normae AaAb Resolved With the Gemini Planet Imager}",
      journal = {\aj},
     keywords = {planets and satellites: detection, stars: individual: V343 Nor, Astrophysics - Solar and Stellar Astrophysics},
         year = 2016,
        month = dec,
       volume = {152},
       number = {6},
          eid = {175},
        pages = {175},
          doi = {10.3847/0004-6256/152/6/175},
archivePrefix = {arXiv},
       eprint = {1609.09095},
 primaryClass = {astro-ph.SR},
       adsurl = {https://ui.adsabs.harvard.edu/abs/2016AJ....152..175N},
      adsnote = {Provided by the SAO/NASA Astrophysics Data System}
}


@ARTICLE{pigulski2018,
  author = {{Pigulski}, A.},
   title = "{BRITE Cookbook 2.0}",
 journal = {ArXiv e-prints},
archivePrefix = "arXiv",
  eprint = {1801.08496},
primaryClass = "astro-ph.IM",
keywords = {Astrophysics - Instrumentation and Methods for Astrophysics, Astrophysics - Solar and Stellar Astrophysics},
    year = 2018,
   month = jan,
  adsurl = {http://cdsads.u-strasbg.fr/abs/2018arXiv180108496P},
 adsnote = {Provided by the SAO/NASA Astrophysics Data System}
}

@ARTICLE{koen2003b,
   author = {{Koen}, C. and {Balona}, L.~A. and {Khadaroo}, K. and {Lane}, I. and 
	{Prinsloo}, A. and {Smith}, B. and {Laney}, C.~D.},
    title = "{Pulsations in {$\beta$} Pictoris}",
  journal = {\mnras},
 keywords = {stars: individual: {$\beta$} Pic, stars: oscillations, stars: pre-main-sequence},
     year = 2003,
    month = oct,
   volume = 344,
    pages = {1250-1256},
      doi = {10.1046/j.1365-8711.2003.06912.x},
   adsurl = {http://cdsads.u-strasbg.fr/abs/2003MNRAS.344.1250K},
  adsnote = {Provided by the SAO/NASA Astrophysics Data System}
}

@ARTICLE{koen2003a,
   author = {{Koen}, C.},
    title = "{{$\delta$} Scuti pulsations in {$\beta$} Pictoris}",
  journal = {\mnras},
 keywords = {stars: individual: {$\beta$} Pic, stars: oscillations, {$\delta$} Scuti},
     year = 2003,
    month = jun,
   volume = 341,
    pages = {1385-1387},
      doi = {10.1046/j.1365-8711.2003.06509.x},
   adsurl = {http://cdsads.u-strasbg.fr/abs/2003MNRAS.341.1385K},
  adsnote = {Provided by the SAO/NASA Astrophysics Data System}
}



% End: Additions by Konstanze

@ARTICLE{1969JGR....74.2531D,
       author = {{Dohnanyi}, J.~S.},
        title = "{Collisional Model of Asteroids and Their Debris}",
      journal = {\jgr},
         year = 1969,
        month = may,
       volume = {74},
        pages = {2531-2554},
          doi = {10.1029/JB074i010p02531},
       adsurl = {https://ui.adsabs.harvard.edu/abs/1969JGR....74.2531D},
      adsnote = {Provided by the SAO/NASA Astrophysics Data System}
}


@ARTICLE{Kalas95,
       author = {{Kalas}, Paul and {Jewitt}, David},
        title = "{Asymmetries in the Beta Pictoris Dust Disk}",
      journal = {\aj},
     keywords = {STARS: INDIVIDUAL: BETA PICTORIS, CIRCUMSTELLAR MATTER},
         year = 1995,
        month = aug,
       volume = {110},
        pages = {794},
          doi = {10.1086/117565},
       adsurl = {https://ui.adsabs.harvard.edu/abs/1995AJ....110..794K},
      adsnote = {Provided by the SAO/NASA Astrophysics Data System}
}

@ARTICLE{vanSluijs19,
       author = {{van Sluijs}, Lennart and {de Mooij}, Ernst and {Kenworthy}, Matthew and
         {Celeste}, Maggie and {Hooton}, Matthew J. and {Mamajek}, Eric E. and
         {Sip{\H{o}}cz}, Brigitta and {Snellen}, Ignas. A.~G. and
         {Ridden-Harper}, Andrew R. and {Wilson}, Paul A.},
        title = "{Spectroscopic transit search: a self-calibrating method for detecting planets around bright stars}",
      journal = {\aap},
     keywords = {methods: observational, techniques: spectroscopic, stars: individual: {\ensuremath{\beta}} Pictoris, stars: variables: {\ensuremath{\delta}} Scuti, planets and satellites: detection, Astrophysics - Earth and Planetary Astrophysics, Astrophysics - Instrumentation and Methods for Astrophysics},
         year = 2019,
        month = jun,
       volume = {626},
          eid = {A97},
        pages = {A97},
          doi = {10.1051/0004-6361/201935066},
archivePrefix = {arXiv},
       eprint = {1903.08186},
 primaryClass = {astro-ph.EP},
       adsurl = {https://ui.adsabs.harvard.edu/abs/2019A&A...626A..97V},
      adsnote = {Provided by the SAO/NASA Astrophysics Data System}
}


@ARTICLE{Lous18,
       author = {{Lous}, M. Mol and {Weenk}, E. and {Kenworthy}, M.~A. and {Zwintz}, K. and
         {Kuschnig}, R.},
        title = "{A search for transiting planets in the {\ensuremath{\beta}} Pictoris system}",
      journal = {\aap},
     keywords = {planets and satellites: detection, planets and satellites: individual: {\ensuremath{\beta}} Pic, techniques: photometric, Astrophysics - Earth and Planetary Astrophysics},
         year = 2018,
        month = jul,
       volume = {615},
          eid = {A145},
        pages = {A145},
          doi = {10.1051/0004-6361/201731941},
archivePrefix = {arXiv},
       eprint = {1805.05240},
 primaryClass = {astro-ph.EP},
       adsurl = {https://ui.adsabs.harvard.edu/abs/2018A&A...615A.145L},
      adsnote = {Provided by the SAO/NASA Astrophysics Data System}
}
@ARTICLE{Golimowski06,
       author = {{Golimowski}, D.~A. and {Ardila}, D.~R. and {Krist}, J.~E. and
         {Clampin}, M. and {Ford}, H.~C. and {Illingworth}, G.~D. and
         {Bartko}, F. and {Ben{\'\i}tez}, N. and {Blakeslee}, J.~P. and
         {Bouwens}, R.~J. and {Bradley}, L.~D. and {Broadhurst}, T.~J. and
         {Brown}, R.~A. and {Burrows}, C.~J. and {Cheng}, E.~S. and
         {Cross}, N.~J.~G. and {Demarco}, R. and {Feldman}, P.~D. and
         {Franx}, M. and {Goto}, T. and {Gronwall}, C. and {Hartig}, G.~F. and
         {Holden}, B.~P. and {Homeier}, N.~L. and {Infante}, L. and
         {Jee}, M.~J. and {Kimble}, R.~A. and {Lesser}, M.~P. and
         {Martel}, A.~R. and {Mei}, S. and {Menanteau}, F. and {Meurer}, G.~R. and
         {Miley}, G.~K. and {Motta}, V. and {Postman}, M. and {Rosati}, P. and
         {Sirianni}, M. and {Sparks}, W.~B. and {Tran}, H.~D. and
         {Tsvetanov}, Z.~I. and {White}, R.~L. and {Zheng}, W. and {Zirm}, A.~W.},
        title = "{Hubble Space Telescope ACS Multiband Coronagraphic Imaging of the Debris Disk around {\ensuremath{\beta}} Pictoris}",
      journal = {\aj},
     keywords = {Stars: Circumstellar Matter, Stars: Planetary Systems: Formation, Stars: Planetary Systems: Protoplanetary Disks, Stars: Individual: Constellation Name: {\ensuremath{\beta}} Pictoris, Astrophysics},
         year = 2006,
        month = jun,
       volume = {131},
       number = {6},
        pages = {3109-3130},
          doi = {10.1086/503801},
archivePrefix = {arXiv},
       eprint = {astro-ph/0602292},
 primaryClass = {astro-ph},
       adsurl = {https://ui.adsabs.harvard.edu/abs/2006AJ....131.3109G},
      adsnote = {Provided by the SAO/NASA Astrophysics Data System}
}



@ARTICLE{Nielsen14,
   author = {{Nielsen}, E.~L. and {Liu}, M.~C. and {Wahhaj}, Z. and
{Biller}, B.~A. and
    {Hayward}, T.~L. and {Males}, J.~R. and {Close}, L.~M. and
{Morzinski}, K.~M. and
    {Skemer}, A.~J. and {Kuchner}, M.~J. and {Rodigas}, T.~J. and
    {Hinz}, P.~M. and {Chun}, M. and {Ftaclas}, C. and {Toomey}, D.~W.
    },
    title = "{The Gemini NICI Planet-Finding Campaign: The Orbit of the
Young Exoplanet {$\beta$} Pictoris b}",
  journal = {\apj},
archivePrefix = "arXiv",
   eprint = {1403.7195},
 primaryClass = "astro-ph.EP",
 keywords = {planetary systems, planet-disk interactions, planets and
satellites: detection, stars: individual: {$\beta$} Pic },
     year = 2014,
    month = oct,
   volume = 794,
      eid = {158},
    pages = {158},
      doi = {10.1088/0004-637X/794/2/158},
   adsurl = {http://adsabs.harvard.edu/abs/2014ApJ...794..158N},
  adsnote = {Provided by the SAO/NASA Astrophysics Data System}
}


@ARTICLE{Millar-Blanchaer15,
   author = {{Millar-Blanchaer}, M.~A. and {Graham}, J.~R. and {Pueyo},
L. and
    {Kalas}, P. and {Dawson}, R.~I. and {Wang}, J. and {Perrin}, M.~D.
and
    {moon}, D.-S. and {Macintosh}, B. and {Ammons}, S.~M. and {Barman},
T. and
    {Cardwell}, A. and {Chen}, C.~H. and {Chiang}, E. and {Chilcote}, J.
and
    {Cotten}, T. and {De Rosa}, R.~J. and {Draper}, Z.~H. and {Dunn}, J.
and
    {Duch{\^e}ne}, G. and {Esposito}, T.~M. and {Fitzgerald}, M.~P. and
    {Follette}, K.~B. and {Goodsell}, S.~J. and {Greenbaum}, A.~Z. and
    {Hartung}, M. and {Hibon}, P. and {Hinkley}, S. and {Ingraham}, P.
and
    {Jensen-Clem}, R. and {Konopacky}, Q. and {Larkin}, J.~E. and
    {Long}, D. and {Maire}, J. and {Marchis}, F. and {Marley}, M.~S. and
    {Marois}, C. and {Morzinski}, K.~M. and {Nielsen}, E.~L. and
    {Palmer}, D.~W. and {Oppenheimer}, R. and {Poyneer}, L. and
    {Rajan}, A. and {Rantakyr{\"o}}, F.~T. and {Ruffio}, J.-B. and
    {Sadakuni}, N. and {Saddlemyer}, L. and {Schneider}, A.~C. and
    {Sivaramakrishnan}, A. and {Soummer}, R. and {Thomas}, S. and
    {Vasisht}, G. and {Vega}, D. and {Wallace}, J.~K. and {Ward-Duong},
K. and
    {Wiktorowicz}, S.~J. and {Wolff}, S.~G.},
    title = "{Beta Pictoris' Inner Disk in Polarized Light and New
Orbital Parameters for Beta Pictoris b}",
  journal = {\apj},
archivePrefix = "arXiv",
   eprint = {1508.04787},
 primaryClass = "astro-ph.EP",
 keywords = {astrometry, planet{\ndash}disk interactions, planets and
satellites: individual: {$\beta$} Pic b, techniques: polarimetric},
     year = 2015,
    month = sep,
   volume = 811,
      eid = {18},
    pages = {18},
      doi = {10.1088/0004-637X/811/1/18},
   adsurl = {http://adsabs.harvard.edu/abs/2015ApJ...811...18M},
  adsnote = {Provided by the SAO/NASA Astrophysics Data System}
}



@ARTICLE{Heap00,
       author = {{Heap}, Sara R. and {Lindler}, Don J. and {Lanz}, Thierry M. and
         {Cornett}, Robert H. and {Hubeny}, Ivan and {Maran}, S.~P. and
         {Woodgate}, Bruce},
        title = "{Space Telescope Imaging Spectrograph Coronagraphic Observations of {\ensuremath{\beta}} Pictoris}",
      journal = {\apj},
     keywords = {Accretion, Accretion Disks, Stars: Circumstellar Matter, Stars: Planetary Systems, Stars: Imaging, stars: individual ({\ensuremath{\beta}} Pictoris)},
         year = 2000,
        month = aug,
       volume = {539},
       number = {1},
        pages = {435-444},
          doi = {10.1086/309188},
       adsurl = {https://ui.adsabs.harvard.edu/abs/2000ApJ...539..435H},
      adsnote = {Provided by the SAO/NASA Astrophysics Data System}
}


@ARTICLE{Mouillet97,
       author = {{Mouillet}, D. and {Larwood}, J.~D. and {Papaloizou}, J.~C.~B. and
         {Lagrange}, A.~M.},
        title = "{A planet on an inclined orbit as an explanation of the warp in the beta Pictoris disc}",
      journal = {\mnras},
     keywords = {Planetary Orbits, Stellar Orbits, Stellar Envelopes, Extrasolar Planets, Warpage, Adaptive Optics, Companion Stars, Astrophysics, CIRCUMSTELLAR MATTER, STARS: INDIVIDUAL, BETAPICTORIS, PLANETARY SYSTEMS, Astrophysics},
         year = 1997,
        month = dec,
       volume = {292},
       number = {4},
        pages = {896-904},
          doi = {10.1093/mnras/292.4.896},
archivePrefix = {arXiv},
       eprint = {astro-ph/9705100},
 primaryClass = {astro-ph},
       adsurl = {https://ui.adsabs.harvard.edu/abs/1997MNRAS.292..896M},
      adsnote = {Provided by the SAO/NASA Astrophysics Data System}
}

@ARTICLE{Augereau01,
       author = {{Augereau}, J.~C. and {Nelson}, R.~P. and {Lagrange}, A.~M. and
         {Papaloizou}, J.~C.~B. and {Mouillet}, D.},
        title = "{Dynamical modeling of large scale asymmetries in the beta Pictoris dust disk}",
      journal = {\aap},
     keywords = {STARS: CIRCUMSTELLAR MATTER, STARS: BETA PICTORIS, Astrophysics},
         year = 2001,
        month = may,
       volume = {370},
        pages = {447-455},
          doi = {10.1051/0004-6361:20010199},
archivePrefix = {arXiv},
       eprint = {astro-ph/0102069},
 primaryClass = {astro-ph},
       adsurl = {https://ui.adsabs.harvard.edu/abs/2001A&A...370..447A},
      adsnote = {Provided by the SAO/NASA Astrophysics Data System}
}

@ARTICLE{Kiefer14,
   author = {{Kiefer}, F. and {Lecavelier des Etangs}, A. and
{Boissier}, J. and
    {Vidal-Madjar}, A. and {Beust}, H. and {Lagrange}, A.-M. and
    {H{\'e}brard}, G. and {Ferlet}, R.},
    title = "{Two families of exocomets in the {$\beta$} Pictoris
system}",
  journal = {\nat},
     year = 2014,
    month = oct,
   volume = 514,
    pages = {462-464},
      doi = {10.1038/nature13849},
   adsurl = {http://adsabs.harvard.edu/abs/2014Natur.514..462K},
  adsnote = {Provided by the SAO/NASA Astrophysics Data System}
}


@ARTICLE{Smith84,
   author = {{Smith}, B.~A. and {Terrile}, R.~J.},
    title = "{A circumstellar disk around Beta Pictoris}",
  journal = {Science},
 keywords = {DWARF STARS, MAIN SEQUENCE STARS, PLANETARY EVOLUTION, STELLAR ENVELOPES, BRIGHTNESS, DISKS, INFRARED ASTRONOMY SATELLITE, SCATTERING CROSS SECTIONS, VISIBLE SPECTRUM},
     year = 1984,
    month = dec,
   volume = 226,
    pages = {1421-1424},
      doi = {10.1126/science.226.4681.1421},
   adsurl = {http://adsabs.harvard.edu/abs/1984Sci...226.1421S},
  adsnote = {Provided by the SAO/NASA Astrophysics Data System}
}

@ARTICLE{vanLeeuwen07b,
   author = {{van Leeuwen}, F.},
    title = "{Validation of the new Hipparcos reduction}",
  journal = {\aap},
archivePrefix = "arXiv",
   eprint = {0708.1752},
 keywords = {space vehicles: instruments, methods: data analysis,
catalogs, astrometry, instrumentation: miscellaneous},
     year = 2007,
    month = nov,
   volume = 474,
    pages = {653-664},
      doi = {10.1051/0004-6361:20078357},
   adsurl = {http://adsabs.harvard.edu/abs/2007A%26A...474..653V},
  adsnote = {Provided by the SAO/NASA Astrophysics Data System}
}


@ARTICLE{Weinberger03,
       author = {{Weinberger}, A.~J. and {Becklin}, E.~E. and {Zuckerman}, B.},
        title = "{The First Spatially Resolved Mid-Infrared Spectroscopy of {\ensuremath{\beta}} Pictoris}",
      journal = {\apjl},
     keywords = {Stars: Circumstellar Matter, Radiation Mechanisms: Thermal, Stars: Individual: Constellation Name: {\ensuremath{\beta}} Pictoris, Techniques: Spectroscopic},
         year = 2003,
        month = feb,
       volume = {584},
       number = {1},
        pages = {L33-L37},
          doi = {10.1086/368065},
       adsurl = {https://ui.adsabs.harvard.edu/abs/2003ApJ...584L..33W},
      adsnote = {Provided by the SAO/NASA Astrophysics Data System}
}

@ARTICLE{Wahhaj03,
       author = {{Wahhaj}, Z. and {Koerner}, D.~W. and {Ressler}, M.~E. and
         {Werner}, M.~W. and {Backman}, D.~E. and {Sargent}, A.~I.},
        title = "{The Inner Rings of {\ensuremath{\beta}} Pictoris}",
      journal = {\apjl},
     keywords = {Stars: Circumstellar Matter, Infrared: Stars, Stars: Planetary Systems: Formation, Stars: Planetary Systems: Protoplanetary Disks, Solar System: Formation, Astrophysics},
         year = 2003,
        month = feb,
       volume = {584},
       number = {1},
        pages = {L27-L31},
          doi = {10.1086/346123},
archivePrefix = {arXiv},
       eprint = {astro-ph/0212081},
 primaryClass = {astro-ph},
       adsurl = {https://ui.adsabs.harvard.edu/abs/2003ApJ...584L..27W},
      adsnote = {Provided by the SAO/NASA Astrophysics Data System}
}
@ARTICLE{Lagrange09,
   author = {{Lagrange}, A.-M. and {Gratadour}, D. and {Chauvin}, G. and
    {Fusco}, T. and {Ehrenreich}, D. and {Mouillet}, D. and {Rousset}, G. and
    {Rouan}, D. and {Allard}, F. and {Gendron}, {\'E}. and {Charton}, J. and
    {Mugnier}, L. and {Rabou}, P. and {Montri}, J. and {Lacombe}, F.
    },
    title = "{A probable giant planet imaged in the {$\beta$} Pictoris disk. VLT/NaCo deep L'-band imaging}",
  journal = {\aap},
 keywords = {instrumentation: adaptive optics, stars: early-type, stars:
planetary systems, stars: individual: beta, Pic},
     year = 2009,
    month = jan,
   volume = 493,
    pages = {L21-L25},
      doi = {10.1051/0004-6361:200811325},
   adsurl = {http://adsabs.harvard.edu/abs/2009A%26A...493L..21L},
  adsnote = {Provided by the SAO/NASA Astrophysics Data System}
}


@Article{Lagrange10,
   author = {{Lagrange}, A.-M. and {Bonnefoy}, M. and {Chauvin}, G. and {Apai}, D. and
    {Ehrenreich}, D. and {Boccaletti}, A. and {Gratadour}, D. and
    {Rouan}, D. and {Mouillet}, D. and {Lacour}, S. and {Kasper}, M.
    },
    title = "{A Giant Planet Imaged in the Disk of the Young Star {$\beta$} Pictoris}",
  journal = {Science},
archivePrefix = "arXiv",
   eprint = {1006.3314},
 primaryClass = "astro-ph.EP",
     year = 2010,
    month = jul,
   volume = 329,
    pages = {57-},
      doi = {10.1126/science.1187187},
   adsurl = {http://adsabs.harvard.edu/abs/2010Sci...329...57L},
  adsnote = {Provided by the SAO/NASA Astrophysics Data System}
}

@ARTICLE{Osborn19,
       author = {{Osborn}, H.~P. and {Kenworthy}, M. and {Rodriguez}, J.~E. and
         {de Mooij}, E.~J.~W. and {Kennedy}, G.~M. and {Relles}, H. and
         {Gomez}, E. and {Hippke}, M. and {Banfi}, M. and {Barbieri}, L. and
         {Becker}, I.~S. and {Benni}, P. and {Berlind}, P. and {Bieryla}, A. and
         {Bonnoli}, G. and {Boussier}, H. and {Brincat}, S.~M. and {Briol}, J. and
         {Burleigh}, M.~R. and {Butterley}, T. and {Calkins}, M.~L. and
         {Chote}, P. and {Ciceri}, S. and {Deldem}, M. and {Dhillon}, V.~S. and
         {Dose}, E. and {Dubois}, F. and {Dvorak}, S. and {Esquerdo}, G.~A. and
         {Evans}, D.~F. and {Ferratfiat}, S. and {Fossey}, S.~J. and
         {G{\"u}nther}, M.~N. and {Hall}, J. and {Hambsch}, F. -J. and
         {Herrero}, E. and {Hills}, K. and {James}, R. and {Jayawardhana}, R. and
         {Kafka}, S. and {Killestein}, T.~L. and {Kotnik}, C. and
         {Latham}, D.~W. and {Lemay}, D. and {Lewin}, P. and {Littlefair}, S. and
         {Lopresti}, C. and {Mallonn}, M. and {Mancini}, L. and {Marchini}, A. and
         {McCormac}, J.~J. and {Murawski}, G. and {Myers}, G. and {Papini}, R. and
         {Popov}, V. and {Quadri}, U. and {Quinn}, S.~N. and {Raynard}, L. and
         {Rizzuti}, L. and {Robertson}, J. and {Salvaggio}, F. and {Scholz}, A. and
         {Sfair}, R. and {Smith}, A.~M.~S. and {Southworth}, J. and
         {Tan}, T.~G. and {Vanaverbeke}, S. and {Waagen}, E.~O. and
         {Watson}, C.~A. and {West}, R.~G. and {Winter}, O.~C. and
         {Wheatley}, P.~J. and {Wilson}, R.~W. and {Zhou}, G.},
        title = "{The PDS 110 observing campaign - photometric and spectroscopic observations reveal eclipses are aperiodic}",
      journal = {\mnras},
     keywords = {protoplanetary discs, stars: individual:PDS 110, stars: variables: T Tauri, Herbig Ae/Be, Astrophysics - Solar and Stellar Astrophysics, Astrophysics - Earth and Planetary Astrophysics},
         year = 2019,
        month = may,
       volume = {485},
       number = {2},
        pages = {1614-1625},
          doi = {10.1093/mnras/stz283},
archivePrefix = {arXiv},
       eprint = {1901.07981},
 primaryClass = {astro-ph.SR},
       adsurl = {https://ui.adsabs.harvard.edu/abs/2019MNRAS.485.1614O},
      adsnote = {Provided by the SAO/NASA Astrophysics Data System}
}


@ARTICLE{Osborn17,
   author = {{Osborn}, H.~P. and {Rodriguez}, J.~E. and {Kenworthy}, M.~A. and
        {Kennedy}, G.~M. and {Mamajek}, E.~E. and {Robinson}, C.~E. and
        {Espaillat}, C.~C. and {Armstrong}, D.~J. and {Shappee}, B.~J. and
        {Bieryla}, A. and {Latham}, D.~W. and {Anderson}, D.~R. and
        {Beatty}, T.~G. and {Berlind}, P. and {Calkins}, M.~L. and {Esquerdo}, G.~A. and
        {Gaudi}, B.~S. and {Hellier}, C. and {Holoien}, T.~W.-S. and
        {James}, D. and {Kochanek}, C.~S. and {Kuhn}, R.~B. and {Lund}, M.~B. and
        {Pepper}, J. and {Pollacco}, D.~L. and {Prieto}, J.~L. and {Siverd}, R.~J. and
        {Stassun}, K.~G. and {Stevens}, D.~J. and {Stanek}, K.~Z. and
        {West}, R.~G.},
    title = "{Periodic eclipses of the young star PDS 110 discovered with WASP and KELT photometry}",
  journal = {\mnras},
archivePrefix = "arXiv",
   eprint = {1705.10346},
 primaryClass = "astro-ph.EP",
 keywords = {protoplanetary discs, circumstellar matter, stars: individual: PDS 110, stars: pre-main-sequence, stars: variables: T Tauri, Herbig Ae/Be},
     year = 2017,
    month = oct,
   volume = 471,
    pages = {740-749},
      doi = {10.1093/mnras/stx1249},
   adsurl = {http://adsabs.harvard.edu/abs/2017MNRAS.471..740O},
  adsnote = {Provided by the SAO/NASA Astrophysics Data System}
}


@ARTICLE{Haffert19,
       author = {{Haffert}, S.~Y. and {Bohn}, A.~J. and {de Boer}, J. and
         {Snellen}, I.~A.~G. and {Brinchmann}, J. and {Girard}, J.~H. and
         {Keller}, C.~U. and {Bacon}, R.},
        title = "{Two accreting protoplanets around the young star PDS 70}",
      journal = {Nature Astronomy},
     keywords = {Astrophysics - Earth and Planetary Astrophysics},
         year = 2019,
        month = jun,
       volume = {3},
        pages = {749-754},
          doi = {10.1038/s41550-019-0780-5},
archivePrefix = {arXiv},
       eprint = {1906.01486},
 primaryClass = {astro-ph.EP},
       adsurl = {https://ui.adsabs.harvard.edu/abs/2019NatAs...3..749H},
      adsnote = {Provided by the SAO/NASA Astrophysics Data System}
}

@ARTICLE{Keppler18,
       author = {{Keppler}, M. and {Benisty}, M. and {M{\"u}ller}, A. and {Henning}, Th. and
         {van Boekel}, R. and {Cantalloube}, F. and {Ginski}, C. and
         {van Holstein}, R.~G. and {Maire}, A. -L. and {Pohl}, A. and {Samland
        }, M. and {Avenhaus}, H. and {Baudino}, J. -L. and {Boccaletti}, A. and
         {de Boer}, J. and {Bonnefoy}, M. and {Chauvin}, G. and {Desidera}, S. and
         {Langlois}, M. and {Lazzoni}, C. and {Marleau}, G. -D. and
         {Mordasini}, C. and {Pawellek}, N. and {Stolker}, T. and {Vigan}, A. and
         {Zurlo}, A. and {Birnstiel}, T. and {Brandner}, W. and {Feldt}, M. and
         {Flock}, M. and {Girard}, J. and {Gratton}, R. and {Hagelberg}, J. and
         {Isella}, A. and {Janson}, M. and {Juhasz}, A. and {Kemmer}, J. and
         {Kral}, Q. and {Lagrange}, A. -M. and {Launhardt}, R. and {Matter}, A. and
         {M{\'e}nard}, F. and {Milli}, J. and {Molli{\`e}re}, P. and
         {Olofsson}, J. and {P{\'e}rez}, L. and {Pinilla}, P. and {Pinte}, C. and
         {Quanz}, S.~P. and {Schmidt}, T. and {Udry}, S. and {Wahhaj}, Z. and
         {Williams}, J.~P. and {Buenzli}, E. and {Cudel}, M. and {Dominik}, C. and
         {Galicher}, R. and {Kasper}, M. and {Lannier}, J. and {Mesa}, D. and
         {Mouillet}, D. and {Peretti}, S. and {Perrot}, C. and {Salter}, G. and
         {Sissa}, E. and {Wildi}, F. and {Abe}, L. and {Antichi}, J. and
         {Augereau}, J. -C. and {Baruffolo}, A. and {Baudoz}, P. and
         {Bazzon}, A. and {Beuzit}, J. -L. and {Blanchard}, P. and
         {Brems}, S.~S. and {Buey}, T. and {De Caprio}, V. and {Carbillet}, M. and
         {Carle}, M. and {Cascone}, E. and {Cheetham}, A. and {Claudi}, R. and
         {Costille}, A. and {Delboulb{\'e}}, A. and {Dohlen}, K. and
         {Fantinel}, D. and {Feautrier}, P. and {Fusco}, T. and {Giro}, E. and
         {Gluck}, L. and {Gry}, C. and {Hubin}, N. and {Hugot}, E. and
         {Jaquet}, M. and {Le Mignant}, D. and {Llored}, M. and {Madec}, F. and
         {Magnard}, Y. and {Martinez}, P. and {Maurel}, D. and {Meyer}, M. and
         {M{\"o}ller-Nilsson}, O. and {Moulin}, T. and {Mugnier}, L. and
         {Orign{\'e}}, A. and {Pavlov}, A. and {Perret}, D. and {Petit}, C. and
         {Pragt}, J. and {Puget}, P. and {Rabou}, P. and {Ramos}, J. and
         {Rigal}, F. and {Rochat}, S. and {Roelfsema}, R. and {Rousset}, G. and
         {Roux}, A. and {Salasnich}, B. and {Sauvage}, J. -F. and {Sevin}, A. and
         {Soenke}, C. and {Stadler}, E. and {Suarez}, M. and {Turatto}, M. and
         {Weber}, L.},
        title = "{Discovery of a planetary-mass companion within the gap of the transition disk around PDS 70}",
      journal = {\aap},
     keywords = {stars: individual: PDS 70, techniques: high angular resolution, protoplanetary disks, scattering, radiative transfer, planets and satellites: detection, Astrophysics - Earth and Planetary Astrophysics},
         year = 2018,
        month = sep,
       volume = {617},
          eid = {A44},
        pages = {A44},
          doi = {10.1051/0004-6361/201832957},
archivePrefix = {arXiv},
       eprint = {1806.11568},
 primaryClass = {astro-ph.EP},
       adsurl = {https://ui.adsabs.harvard.edu/abs/2018A&A...617A..44K},
      adsnote = {Provided by the SAO/NASA Astrophysics Data System}
}



@ARTICLE{LecavelierdesEtangs97,
   author = {{Lecavelier Des Etangs}, A. and {Vidal-Madjar}, A. and
{Burki}, G. and
    {Lamers}, H.~J.~G.~L.~M. and {Ferlet}, R. and {Nitschelm}, C. and
    {Sevre}, F.},
    title = "{Beta Pictoris light variations. I. The planetary
hypothesis}",
  journal = {\aap},
 keywords = {STARS: CIRCUMSTELLAR MATTER, PLANETARY SYSTEMS, STARS: BETA
PIC},
     year = 1997,
    month = dec,
   volume = 328,
    pages = {311-320},
   adsurl = {http://adsabs.harvard.edu/abs/1997A%26A...328..311L},
  adsnote = {Provided by the SAO/NASA Astrophysics Data System}
}


@ARTICLE{Lamers97,
   author = {{Lamers}, H.~J.~G.~L.~M. and {Lecavelier Des Etangs}, A.
and
    {Vidal-Madjar}, A.},
    title = "{Beta Pictoris light variations. II. Scattering by a dust
cloud}",
  journal = {\aap},
 keywords = {STARS: BETA  PIC, CIRCUMSTELLAR MATTER, DUST, SCATTERING,
COMETS: GENERAL},
     year = 1997,
    month = dec,
   volume = 328,
    pages = {321-330},
   adsurl = {http://adsabs.harvard.edu/abs/1997A%26A...328..321L},
  adsnote = {Provided by the SAO/NASA Astrophysics Data System}
}

@ARTICLE{Mekarnia2017,
       author = {{M{\'e}karnia}, D. and {Chapellier}, E. and {Guillot}, T. and {Abe}, L.
        and {Agabi}, A. and {De Pra}, Y. and {Schmider}, F. -X. and
        {Zwintz}, K. and {Stevenson}, K.~B. and {Wang}, J.~J. and
        {Lagrange}, A. -M. and {Bigot}, L. and {Crouzet}, N. and
        {Fante{\"\i}-Caujolle}, Y. and {Christille}, J. -M. and {Kalas},
        P.},
        title = "{The {\ensuremath{\delta}} Scuti pulsations of {\ensuremath{\beta}} Pictoris as observed by ASTEP from Antarctica}",
      journal = {\aap},
     keywords = {stars: individual: {\ensuremath{\beta}}Pictoris, stars: variables: {\ensuremath{\delta}}Scuti, stars: oscillations, methods: data analysis, techniques: photometric, Astrophysics - Solar and Stellar Astrophysics},
         year = 2017,
        month = Dec,
       volume = {608},
          eid = {L6},
        pages = {L6},
          doi = {10.1051/0004-6361/201732121},
archivePrefix = {arXiv},
       eprint = {1711.05604},
 primaryClass = {astro-ph.SR},
       adsurl = {https://ui.adsabs.harvard.edu/\#abs/2017A&A...608L...6M},
      adsnote = {Provided by the SAO/NASA Astrophysics Data System}
}

@ARTICLE{Isella19,
       author = {{Isella}, Andrea and {Benisty}, Myriam and {Teague}, Richard and
         {Bae}, Jaehan and {Keppler}, Miriam and {Facchini}, Stefano and
         {P{\'e}rez}, Laura},
        title = "{Detection of Continuum Submillimeter Emission Associated with Candidate Protoplanets}",
      journal = {\apjl},
     keywords = {instrumentation: high angular resolution, instrumentation: interferometers, planetary systems, planet‚îÄdisk interactions, planets and satellites: formation, protoplanetary disks, Astrophysics - Earth and Planetary Astrophysics, Astrophysics - Solar and Stellar Astrophysics},
         year = 2019,
        month = jul,
       volume = {879},
       number = {2},
          eid = {L25},
        pages = {L25},
          doi = {10.3847/2041-8213/ab2a12},
archivePrefix = {arXiv},
       eprint = {1906.06308},
 primaryClass = {astro-ph.EP},
       adsurl = {https://ui.adsabs.harvard.edu/abs/2019ApJ...879L..25I},
      adsnote = {Provided by the SAO/NASA Astrophysics Data System}
}

@INPROCEEDINGS{Nowak18,
       author = {{Nowak}, M. and {Lacour}, S. and {Crouzier}, A. and {David}, L. and
         {Lapeyr{\`e}re}, V. and {Schworer}, G.},
        title = "{Short life and abrupt death of PicSat, a small 3U CubeSat dreaming of exoplanet detection}",
     keywords = {Astrophysics - Instrumentation and Methods for Astrophysics},
    booktitle = {Space Telescopes and Instrumentation 2018: Optical, Infrared, and Millimeter Wave},
         year = 2018,
       series = {Society of Photo-Optical Instrumentation Engineers (SPIE) Conference Series},
       volume = {10698},
        month = jul,
          eid = {1069821},
        pages = {1069821},
          doi = {10.1117/12.2313242},
archivePrefix = {arXiv},
       eprint = {1901.02677},
 primaryClass = {astro-ph.IM},
       adsurl = {https://ui.adsabs.harvard.edu/abs/2018SPIE10698E..21N},
      adsnote = {Provided by the SAO/NASA Astrophysics Data System}
}


@ARTICLE{Nielsen20,
       author = {{Nielsen}, Eric L. and {De Rosa}, Robert J. and {Wang}, Jason J. and
         {Sahlmann}, Johannes and {Kalas}, Paul and {Duch{\^e}ne}, Gaspard and
         {Rameau}, Julien and {Marley}, Mark S. and {Saumon}, Didier and
         {Macintosh}, Bruce and {Millar-Blanchaer}, Maxwell A. and
         {Nguyen}, Meiji M. and {Ammons}, S. Mark and {Bailey}, Vanessa P. and
         {Barman}, Travis and {Bulger}, Joanna and {Chilcote}, Jeffrey and
         {Cotten}, Tara and {Doyon}, Rene and {Esposito}, Thomas M. and
         {Fitzgerald}, Michael P. and {Follette}, Katherine B. and
         {Gerard}, Benjamin L. and {Goodsell}, Stephen J. and
         {Graham}, James R. and {Greenbaum}, Alexandra Z. and {Hibon}, Pascale and
         {Hung}, Li-Wei and {Ingraham}, Patrick and {Konopacky}, Quinn and
         {Larkin}, James E. and {Maire}, J{\'e}r{\^o}me and {Marchis}, Franck and
         {Marois}, Christian and {Metchev}, Stanimir and {Oppenheimer}, Rebecca and
         {Palmer}, David and {Patience}, Jennifer and {Perrin}, Marshall and
         {Poyneer}, Lisa and {Pueyo}, Laurent and {Rajan}, Abhijith and
         {Rantakyr{\"o}}, Fredrik T. and {Ruffio}, Jean-Baptiste and
         {Savransky}, Dmitry and {Schneider}, Adam C. and {Sivaramakrishnan}, Anand
         and {Song}, Inseok and {Soummer}, Remi and {Thomas}, Sandrine and
         {Wallace}, J. Kent and {Ward-Duong}, Kimberly and
         {Wiktorowicz}, Sloane and {Wolff}, Schuyler},
        title = "{The Gemini Planet Imager Exoplanet Survey: Dynamical Mass of the Exoplanet {\ensuremath{\beta}} Pictoris b from Combined Direct Imaging and Astrometry}",
      journal = {\aj},
     keywords = {Astrophysics - Earth and Planetary Astrophysics, Astrophysics - Solar and Stellar Astrophysics},
         year = 2020,
        month = feb,
       volume = {159},
       number = {2},
          eid = {71},
        pages = {71},
          doi = {10.3847/1538-3881/ab5b92},
archivePrefix = {arXiv},
       eprint = {1911.11273},
 primaryClass = {astro-ph.EP},
       adsurl = {https://ui.adsabs.harvard.edu/abs/2020AJ....159...71N},
      adsnote = {Provided by the SAO/NASA Astrophysics Data System}
}

@book{vanRossum95,
  title={Python reference manual},
  author={Van Rossum, Guido and Drake Jr, Fred L},
  year={1995},
  publisher={Centrum voor Wiskunde en Informatica Amsterdam}
}

% python book
@ARTICLE{Oliphant07,
  author={T. E. {Oliphant}},
  journal={Computing in Science Engineering},
  title={Python for Scientific Computing},
  year={2007},
  volume={9},
  number={3},
  pages={10-20}
}

% matplotlib
@article{Hunter07,
  title={Matplotlib: A 2D graphics environment},
  author={Hunter, John D},
  journal={Computing in science \& engineering},
  volume={9},
  number={3},
  pages={90--95},
  year={2007},
  publisher={IEEE}
}

% numpy
@book{Oliphant06,
  title={A guide to NumPy},
  author={Oliphant, Travis E},
  volume={1},
  year={2006},
  publisher={Trelgol Publishing USA}
}

@article{vanderWalt11,
  title={The NumPy array: a structure for efficient numerical computation},
  author={Van Der Walt, Stefan and Colbert, S Chris and Varoquaux, Gael},
  journal={Computing in Science \& Engineering},
  volume={13},
  number={2},
  pages={22},
  year={2011},
  publisher={IEEE Computer Society}
}

% scipy
@ARTICLE{Virtanen20,
       author = {{Virtanen}, Pauli and {Gommers}, Ralf and {Oliphant},
         Travis E. and {Haberland}, Matt and {Reddy}, Tyler and
         {Cournapeau}, David and {Burovski}, Evgeni and {Peterson}, Pearu
         and {Weckesser}, Warren and {Bright}, Jonathan and {van der Walt},
         St{\'e}fan J.  and {Brett}, Matthew and {Wilson}, Joshua and
         {Jarrod Millman}, K.  and {Mayorov}, Nikolay and {Nelson}, Andrew
         R.~J. and {Jones}, Eric and {Kern}, Robert and {Larson}, Eric and
         {Carey}, CJ and {Polat}, {\.I}lhan and {Feng}, Yu and {Moore},
         Eric W. and {Vand erPlas}, Jake and {Laxalde}, Denis and
         {Perktold}, Josef and {Cimrman}, Robert and {Henriksen}, Ian and
         {Quintero}, E.~A. and {Harris}, Charles R and {Archibald}, Anne M.
         and {Ribeiro}, Ant{\^o}nio H. and {Pedregosa}, Fabian and
         {van Mulbregt}, Paul and {Contributors}, SciPy 1. 0},
        title = "{SciPy 1.0: Fundamental Algorithms for Scientific
                  Computing in Python}",
      journal = {Nature Methods},
      year = "2020",
      volume={17},
      pages={261--272},
      adsurl = {https://rdcu.be/b08Wh},
      doi = {https://doi.org/10.1038/s41592-019-0686-2},
}



@ARTICLE{Taubner15,
	author = {{Taubner}, R.-S. and {Leitner}, J.~J. and {Firneis}, M.~G. and 
	{Hitzenberger}, R.},
	title = "{Modelling the Interior Structure of Enceladus Based on the 2014's Cassini Gravity Data}",
	journal = {Origins of Life and Evolution of the Biosphere},
	keywords = {Enceladus, Icy moons, Internal structure, Subsurface water reservoir},
	year = 2015,
	month = nov,
	doi = {10.1007/s11084-015-9475-9},
	adsurl = {http://adsabs.harvard.edu/abs/2015OLEB..tmp..118T},
	adsnote = {Provided by the SAO/NASA Astrophysics Data System}
}

@ARTICLE{Merkania17,
       author = {{M{\'e}karnia}, D. and {Chapellier}, E. and {Guillot}, T. and {Abe}, L. and
         {Agabi}, A. and {De Pra}, Y. and {Schmider}, F. -X. and {Zwintz}, K. and
         {Stevenson}, K.~B. and {Wang}, J.~J. and {Lagrange}, A. -M. and
         {Bigot}, L. and {Crouzet}, N. and {Fante{\"\i}-Caujolle}, Y. and
         {Christille}, J. -M. and {Kalas}, P.},
        title = "{The {\ensuremath{\delta}} Scuti pulsations of {\ensuremath{\beta}} Pictoris as observed by ASTEP from Antarctica}",
      journal = {\aap},
     keywords = {stars: individual: {\ensuremath{\beta}}Pictoris, stars: variables: {\ensuremath{\delta}}Scuti, stars: oscillations, methods: data analysis, techniques: photometric, Astrophysics - Solar and Stellar Astrophysics},
         year = 2017,
        month = dec,
       volume = {608},
          eid = {L6},
        pages = {L6},
          doi = {10.1051/0004-6361/201732121},
archivePrefix = {arXiv},
       eprint = {1711.05604},
 primaryClass = {astro-ph.SR},
       adsurl = {https://ui.adsabs.harvard.edu/abs/2017A&A...608L...6M},
      adsnote = {Provided by the SAO/NASA Astrophysics Data System}
}


@ARTICLE{Zwintz19,
       author = {{Zwintz}, K. and {Reese}, D.~R. and {Neiner}, C. and {Pigulski}, A. and
         {Kuschnig}, R. and {M{\"u}llner}, M. and {Zieba}, S. and {Abe}, L. and
         {Guillot}, T. and {Handler}, G. and {Kenworthy}, M. and {Stuik}, R. and
         {Moffat}, A.~F.~J. and {Popowicz}, A. and {Rucinski}, S.~M. and
         {Wade}, G.~A. and {Weiss}, W.~W. and {Bailey}, J.~I. and
         {Crawford}, S. and {Ireland}, M. and {Lomberg}, B. and
         {Mamajek}, E.~E. and {Mellon}, S.~N. and {Talens}, G.~J.},
        title = "{Revisiting the pulsational characteristics of the exoplanet host star {\ensuremath{\beta}} Pictoris}",
      journal = {\aap},
     keywords = {asteroseismology, stars: individual: {\ensuremath{\beta}} Pictoris, stars: interiors, stars: variables: {\ensuremath{\delta}} Scuti, stars: magnetic field, Astrophysics - Solar and Stellar Astrophysics},
         year = 2019,
        month = jul,
       volume = {627},
          eid = {A28},
        pages = {A28},
          doi = {10.1051/0004-6361/201834744},
archivePrefix = {arXiv},
       eprint = {1905.12545},
 primaryClass = {astro-ph.SR},
       adsurl = {https://ui.adsabs.harvard.edu/abs/2019A&A...627A..28Z},
      adsnote = {Provided by the SAO/NASA Astrophysics Data System}
}



@PHDTHESIS{Mellon20Thesis,
       author = {{Mellon}, Samuel Nicholas},
        title = "{The Beta Pictoris b Ring (bRing) Survey of the Southern Sky}",
     keywords = {Astronomical instrumentation, Beta Pictoris, exoplanets},
       school = {University of Rochester},
         year = 2019,
        month = nov
}

@ARTICLE{Abe13,
       author = {{Abe}, L. and {Gon{\c{c}}alves}, I. and {Agabi}, A. and {Alapini}, A. and
         {Guillot}, T. and {M{\'e}karnia}, D. and {Rivet}, J. -P. and
         {Schmider}, F. -X. and {Crouzet}, N. and {Fortney}, J. and {Pont}, F. and
         {Barbieri}, M. and {Daban}, J. -B. and {Fante{\"\i}-Caujolle}, Y. and
         {Gouvret}, C. and {Bresson}, Y. and {Roussel}, A. and {Bonhomme}, S. and
         {Robini}, A. and {Dugu{\'e}}, M. and {Bondoux}, E. and {P{\'e}ron}, S. and
         {Petit}, P. -Y. and {Szul{\'a}gyi}, J. and {Fruth}, T. and
         {Erikson}, A. and {Rauer}, H. and {Fressin}, F. and {Valbousquet}, F. and
         {Blanc}, P. -E. and {Le van Suu}, A. and {Aigrain}, S.},
        title = "{The secondary eclipses of WASP-19b as seen by the ASTEP 400 telescope from Antarctica}",
      journal = {\aap},
     keywords = {instrumentation: photometers, stars: individual: WASP-19, planetary systems, planets and satellites: atmospheres, starspots, Astrophysics - Earth and Planetary Astrophysics},
         year = 2013,
        month = may,
       volume = {553},
          eid = {A49},
        pages = {A49},
          doi = {10.1051/0004-6361/201220351},
archivePrefix = {arXiv},
       eprint = {1303.0973},
 primaryClass = {astro-ph.EP},
       adsurl = {https://ui.adsabs.harvard.edu/abs/2013A&A...553A..49A},
      adsnote = {Provided by the SAO/NASA Astrophysics Data System}
}



@ARTICLE{Miranda15,
       author = {{Miranda}, Ryan and {Lai}, Dong},
        title = "{Tidal truncation of inclined circumstellar and circumbinary discs in young stellar binaries}",
      journal = {\mnras},
     keywords = {accretion, accretion discs, hydrodynamics, binaries: general, Astrophysics - Earth and Planetary Astrophysics, Astrophysics - Solar and Stellar Astrophysics},
         year = 2015,
        month = sep,
       volume = {452},
       number = {3},
        pages = {2396-2409},
          doi = {10.1093/mnras/stv1450},
archivePrefix = {arXiv},
       eprint = {1504.02917},
 primaryClass = {astro-ph.EP},
       adsurl = {https://ui.adsabs.harvard.edu/abs/2015MNRAS.452.2396M},
      adsnote = {Provided by the SAO/NASA Astrophysics Data System}
}


@ARTICLE{Zhu15,
       author = {{Zhu}, Zhaohuan},
        title = "{Accreting Circumplanetary Disks: Observational Signatures}",
      journal = {\apj},
     keywords = {accretion, accretion disks, planetary systems, planets and satellites: formation, protoplanetary disks, radiative transfer, stars: magnetic field, stars: pre-main sequence, Astrophysics - Earth and Planetary Astrophysics},
         year = 2015,
        month = jan,
       volume = {799},
       number = {1},
          eid = {16},
        pages = {16},
          doi = {10.1088/0004-637X/799/1/16},
archivePrefix = {arXiv},
       eprint = {1408.6554},
 primaryClass = {astro-ph.EP},
       adsurl = {https://ui.adsabs.harvard.edu/abs/2015ApJ...799...16Z},
      adsnote = {Provided by the SAO/NASA Astrophysics Data System}
}




@ARTICLE{Lubow15,
       author = {{Lubow}, Stephen H. and {Martin}, Rebecca G. and {Nixon}, Chris},
        title = "{Tidal Torques on Misaligned Disks in Binary Systems}",
      journal = {\apj},
     keywords = {accretion, accretion disks, binaries: general, black hole physics, hydrodynamics, Astrophysics - Solar and Stellar Astrophysics, Astrophysics - Earth and Planetary Astrophysics},
         year = 2015,
        month = feb,
       volume = {800},
       number = {2},
          eid = {96},
        pages = {96},
          doi = {10.1088/0004-637X/800/2/96},
archivePrefix = {arXiv},
       eprint = {1412.7741},
 primaryClass = {astro-ph.SR},
       adsurl = {https://ui.adsabs.harvard.edu/abs/2015ApJ...800...96L},
      adsnote = {Provided by the SAO/NASA Astrophysics Data System}
}

@ARTICLE{Martin20,
       author = {{Martin}, Rebecca G. and {Zhu}, Zhaohuan and {Armitage}, Philip J.},
        title = "{A Fast-growing Tilt Instability of Detached Circumplanetary Disks}",
      journal = {\apjl},
     keywords = {Stellar accretion disks, Planet formation, Protoplanetary disks, Exoplanet formation, Planetary theory, Satellite formation, Circumstellar disks, Hydrodynamics, Pre-main sequence stars, Disk galaxies, Planetary system formation, Solar system planets, 1579, 1241, 1300, 492, 1258, 1425, 235, 1963, 1290, 391, 1257, 1260, Astrophysics - Earth and Planetary Astrophysics},
         year = 2020,
        month = jul,
       volume = {898},
       number = {1},
          eid = {L26},
        pages = {L26},
          doi = {10.3847/2041-8213/aba3c1},
archivePrefix = {arXiv},
       eprint = {2007.05022},
 primaryClass = {astro-ph.EP},
       adsurl = {https://ui.adsabs.harvard.edu/abs/2020ApJ...898L..26M},
      adsnote = {Provided by the SAO/NASA Astrophysics Data System}
}




@ARTICLE{Mamajek14,
   author = {{Mamajek}, E.~E. and {Bell}, C.~P.~M.},
    title = "{On the age of the {$\beta$} Pictoris moving group}",
  journal = {\mnras},
archivePrefix = "arXiv",
   eprint = {1409.2737},
 primaryClass = "astro-ph.SR",
 keywords = {stars: formation, stars: fundamental parameters, stars:
kinematics and dynamics, open clusters and associations: individual:
{$\beta$} Pictoris moving group},
     year = 2014,
    month = dec,
   volume = 445,
    pages = {2169-2180},
      doi = {10.1093/mnras/stu1894},
   adsurl = {http://adsabs.harvard.edu/abs/2014MNRAS.445.2169M},
  adsnote = {Provided by the SAO/NASA Astrophysics Data System}
}


@ARTICLE{LecavelierdesEtangs16,
   author = {{Lecavelier des Etangs}, A. and {Vidal-Madjar}, A.},
    title = "{The orbit of beta Pictoris b as a transiting planet}",
  journal = {\aap},
archivePrefix = "arXiv",
   eprint = {1602.04683},
 primaryClass = "astro-ph.EP",
 keywords = {planetary systems, planets and satellites: gaseous planets,
stars: early-type},
     year = 2016,
    month = apr,
   volume = 588,
      eid = {A60},
    pages = {A60},
      doi = {10.1051/0004-6361/201527631},
   adsurl = {http://adsabs.harvard.edu/abs/2016A%26A...588A..60L},
  adsnote = {Provided by the SAO/NASA Astrophysics Data System}
}

@ARTICLE{Gullikson16,
       author = {{Gullikson}, Kevin and {Kraus}, Adam and {Dodson-Robinson}, Sarah},
        title = "{The Close Companion Mass-ratio Distribution of Intermediate-mass Stars}",
      journal = {\aj},
     keywords = {binaries: spectroscopic, stars: early-type, stars: formation, stars: statistics, Astrophysics - Solar and Stellar Astrophysics},
         year = "2016",
        month = "Aug",
       volume = {152},
       number = {2},
          eid = {40},
        pages = {40},
          doi = {10.3847/0004-6256/152/2/40},
archivePrefix = {arXiv},
       eprint = {1604.06456},
 primaryClass = {astro-ph.SR},
       adsurl = {https://ui.adsabs.harvard.edu/abs/2016AJ....152...40G},
      adsnote = {Provided by the SAO/NASA Astrophysics Data System}
}

@ARTICLE{Grun85,
   author = {{Grun}, E. and {Zook}, H.~A. and {Fechtig}, H. and {Giese}, R.~H.
	},
    title = "{Collisional balance of the meteoritic complex}",
  journal = {\icarus},
 keywords = {Celestial Mechanics, Meteorite Collisions, Micrometeoroids, Size Distribution, Flux (Rate), Light Scattering, Lunar Craters, Mass Distribution, Poynting-Robertson Effect, Spatial Distribution, METEORITES, METEOROIDS, COLLISIONS, EXPERIMENTS, OBSERVATIONS, MOON, MICROCRATERS, SIZE, DISTRIBUTION, FLUX, PARTICLES, MASS, MODELS, ANALYSIS, CALCULATIONS, RADIATION, PRESSURE, TIME SCALE, COMPARISONS, SOURCE, FRAGMENTATION, ORBITS, PRODUCTION RATES, DENSITY, DRAG},
     year = 1985,
    month = may,
   volume = 62,
    pages = {244-272},
      doi = {10.1016/0019-1035(85)90121-6},
   adsurl = {https://ui.adsabs.harvard.edu/abs/1985Icar...62..244G},
  adsnote = {Provided by the SAO/NASA Astrophysics Data System}
}

@ARTICLE{Krivov00,
   author = {{Krivov}, A.~V. and {Mann}, I. and {Krivova}, N.~A.},
    title = "{Size distributions of dust in circumstellar debris discs}",
  journal = {\aap},
 keywords = {STARS: CIRCUMSTELLAR MATTER, STARS: INDIVIDUAL: BEGIN $\{$EQUATION$\}$TA PIC, STARS: PLANETARY SYSTEMS},
     year = 2000,
    month = oct,
   volume = 362,
    pages = {1127-1137},
   adsurl = {https://ui.adsabs.harvard.edu/abs/2000A%26A...362.1127K},
  adsnote = {Provided by the SAO/NASA Astrophysics Data System}
}

@ARTICLE{Mellon19S,
       author = {{Mellon}, Samuel N. and {Mamajek}, Eric E. and {Stuik}, Remko and
         {Zwintz}, Konstanze and {Kenworthy}, Matthew A. and
         {Talens}, Geert Jan J. and {Burggraaff}, Olivier and
         {Bailey}, John I., III and {Dorval}, Patrick and
         {Lomberg}, Blaine B.~D. and {Kuhn}, Rudi B. and {Ireland}, Michael J.},
        title = "{Bright Southern Variable Stars in the bRing Survey}",
      journal = {\apjs},
     keywords = {Variable stars, Multi-periodic variable stars, Long period variable stars, Short period variable stars, Eclipsing binary stars, Ellipsoidal variable stars, Astrophysics - Solar and Stellar Astrophysics},
         year = "2019c",
        month = "Sep",
       volume = {244},
       number = {1},
          eid = {15},
        pages = {15},
          doi = {10.3847/1538-4365/ab3662},
archivePrefix = {arXiv},
       eprint = {1907.11927},
 primaryClass = {astro-ph.SR},
       adsurl = {https://ui.adsabs.harvard.edu/abs/2019ApJS..244...15M},
      adsnote = {Provided by the SAO/NASA Astrophysics Data System}
}

@ARTICLE{Wyatt05,
   author = {{Wyatt}, M.~C.},
    title = "{The insignificance of P-R drag in detectable extrasolar planetesimal belts}",
  journal = {\aap},
   eprint = {astro-ph/0501038},
 keywords = {stars: circumstellar matter, stars: planetary systems: formation},
     year = 2005,
    month = apr,
   volume = 433,
    pages = {1007-1012},
      doi = {10.1051/0004-6361:20042073},
   adsurl = {https://ui.adsabs.harvard.edu/abs/2005A%26A...433.1007W},
  adsnote = {Provided by the SAO/NASA Astrophysics Data System}
}

@ARTICLE{Chen12,
   author = {{Chen}, C.~H. and {Pecaut}, M. and {Mamajek}, E.~E. and {Su}, K.~Y.~L. and 
	{Bitner}, M.},
    title = "{A Spitzer MIPS Study of 2.5-2.0 M $_{‚äô}$ Stars in Scorpius-Centaurus}",
  journal = {\apj},
archivePrefix = "arXiv",
   eprint = {1207.3415},
 primaryClass = "astro-ph.SR",
 keywords = {circumstellar matter, infrared: planetary systems, infrared: stars, open clusters and associations: individual: Upper Scorpius Lower Centaurus Crux Upper Centaurus-, planetary systems, planets and satellites: formation},
     year = 2012,
    month = sep,
   volume = 756,
      eid = {133},
    pages = {133},
      doi = {10.1088/0004-637X/756/2/133},
   adsurl = {https://ui.adsabs.harvard.edu/abs/2012ApJ...756..133C},
  adsnote = {Provided by the SAO/NASA Astrophysics Data System}
}

@ARTICLE{Burns75,
   author = {{Burns}, J.~A. and {Lamy}, P.~L. and {Soter}, S.},
    title = "{Radiation forces on small particles in the solar system}",
  journal = {\icarus},
 keywords = {Interplanetary Dust, Particle Motion, Poynting-Robertson Effect, Radiation Pressure, Solar Radiation, Heuristic Methods, Pressure Effects, Relativity, Solar Rotation, Solar System, Solar Wind},
     year = 1979,
    month = oct,
   volume = 40,
    pages = {1-48},
      doi = {10.1016/0019-1035(79)90050-2},
   adsurl = {https://ui.adsabs.harvard.edu/abs/1979Icar...40....1B},
  adsnote = {Provided by the SAO/NASA Astrophysics Data System}
}

@ARTICLE{Wyatt08,
       author = {{Wyatt}, M.~C.},
        title = "{Dynamics of small bodies in planetary systems}",
      journal = {arXiv e-prints},
     keywords = {Astrophysics},
         year = "2008",
        month = "Jul",
          eid = {arXiv:0807.1272},
        pages = {arXiv:0807.1272},
archivePrefix = {arXiv},
       eprint = {0807.1272},
 primaryClass = {astro-ph},
       adsurl = {https://ui.adsabs.harvard.edu/abs/2008arXiv0807.1272W},
      adsnote = {Provided by the SAO/NASA Astrophysics Data System}
}

@ARTICLE{Krivov06,
   author = {{Krivov}, A.~V. and {L{\"o}hne}, T. and {Srem{\v c}evi{\'c}}, M.
	},
    title = "{Dust distributions in debris disks: effects of gravity, radiation pressure and collisions}",
  journal = {\aap},
 keywords = {planetary systems: formation, circumstellar matter, meteors, meteoroids, celestial mechanics, stars: individual: Vega},
     year = 2006,
    month = aug,
   volume = 455,
    pages = {509-519},
      doi = {10.1051/0004-6361:20064907},
   adsurl = {https://ui.adsabs.harvard.edu/abs/2006A%26A...455..509K},
  adsnote = {Provided by the SAO/NASA Astrophysics Data System}
}

@ARTICLE{Burns79,
   author = {{Burns}, J.~A. and {Lamy}, P.~L. and {Soter}, S.},
    title = "{Radiation forces on small particles in the solar system}",
  journal = {\icarus},
 keywords = {Interplanetary Dust, Particle Motion, Poynting-Robertson Effect, Radiation Pressure, Solar Radiation, Heuristic Methods, Pressure Effects, Relativity, Solar Rotation, Solar System, Solar Wind},
     year = 1979,
    month = oct,
   volume = 40,
    pages = {1-48},
      doi = {10.1016/0019-1035(79)90050-2},
   adsurl = {https://ui.adsabs.harvard.edu/abs/1979Icar...40....1B},
  adsnote = {Provided by the SAO/NASA Astrophysics Data System}
}

@INPROCEEDINGS{Backman93,
   author = {{Backman}, D.~E. and {Paresce}, F.},
    title = "{Main-sequence stars with circumstellar solid material - The VEGA phenomenon}",
 keywords = {Infrared Astronomy, Main Sequence Stars, Stellar Composition, Stellar Envelopes, Stellar Evolution, Emission Spectra, Infrared Astronomy Satellite, Photosphere},
booktitle = {Protostars and Planets III},
     year = 1993,
   editor = {{Levy}, E.~H. and {Lunine}, J.~I.},
    pages = {1253-1304},
   adsurl = {https://ui.adsabs.harvard.edu/abs/1993prpl.conf.1253B},
  adsnote = {Provided by the SAO/NASA Astrophysics Data System}
}

@ARTICLE{Chen01,
   author = {{Chen}, C.~H. and {Jura}, M.},
    title = "{A Possible Massive Asteroid Belt around {$\zeta$} Leporis}",
  journal = {\apjl},
   eprint = {astro-ph/0109216},
 keywords = {Stars: Circumstellar Matter, Stars: Planetary Systems, Stars: Individual: Bright Star Number: HR 1998},
     year = 2001,
    month = oct,
   volume = 560,
    pages = {L171-L174},
      doi = {10.1086/324057},
   adsurl = {https://ui.adsabs.harvard.edu/abs/2001ApJ...560L.171C},
  adsnote = {Provided by the SAO/NASA Astrophysics Data System}
}

@ARTICLE{Shkolnik17,
       author = {{Shkolnik}, Evgenya L. and {Allers}, Katelyn N. and {Kraus}, Adam L. and
         {Liu}, Michael C. and {Flagg}, Laura},
        title = "{All-sky Co-moving Recovery Of Nearby Young Members (ACRONYM). II. The {\ensuremath{\beta}} Pictoris Moving Group}",
      journal = {\aj},
     keywords = {binaries: spectroscopic, open clusters and associations: individual:: {\ensuremath{\beta}} Pictoris Moving Group, stars: activity, stars: kinematics and dynamics, stars: low-mass, stars: pre-main sequence, Astrophysics - Solar and Stellar Astrophysics},
         year = 2017,
        month = aug,
       volume = {154},
       number = {2},
          eid = {69},
        pages = {69},
          doi = {10.3847/1538-3881/aa77fa},
archivePrefix = {arXiv},
       eprint = {1706.04556},
 primaryClass = {astro-ph.SR},
       adsurl = {https://ui.adsabs.harvard.edu/abs/2017AJ....154...69S},
      adsnote = {Provided by the SAO/NASA Astrophysics Data System}
}



@ARTICLE{Binks16,
       author = {{Binks}, A.~S. and {Jeffries}, R.~D.},
        title = "{Spectroscopic confirmation of M-dwarf candidate members of the Beta Pictoris and AB Doradus Moving Groups}",
      journal = {\mnras},
     keywords = {stars: late-type, stars: pre-main-sequence, Astrophysics - Solar and Stellar Astrophysics},
         year = 2016,
        month = jan,
       volume = {455},
       number = {3},
        pages = {3345-3358},
          doi = {10.1093/mnras/stv2431},
archivePrefix = {arXiv},
       eprint = {1510.06987},
 primaryClass = {astro-ph.SR},
       adsurl = {https://ui.adsabs.harvard.edu/abs/2016MNRAS.455.3345B},
      adsnote = {Provided by the SAO/NASA Astrophysics Data System}
}

@ARTICLE{Miret-Roig20,
       author = {{Miret-Roig}, N. and {Galli}, P.~A.~B. and {Brandner}, W. and
         {Bouy}, H. and {Barrado}, D. and {Olivares}, J. and {Antoja}, T. and
         {Romero-G{\'o}mez}, M. and {Figueras}, F. and {Lillo-Box}, J.},
        title = "{Dynamical traceback age of the {\ensuremath{\beta}} Pictoris moving group}",
      journal = {\aap},
     keywords = {Galaxy: kinematics and dynamics, solar neighborhood, stars: kinematics and dynamics, open clusters and associations: individual: {\ensuremath{\beta}} Pictoris, stars: formation, Astrophysics - Astrophysics of Galaxies, Astrophysics - Earth and Planetary Astrophysics, Astrophysics - Solar and Stellar Astrophysics},
         year = 2020,
        month = oct,
       volume = {642},
          eid = {A179},
        pages = {A179},
          doi = {10.1051/0004-6361/202038765},
archivePrefix = {arXiv},
       eprint = {2007.10997},
 primaryClass = {astro-ph.GA},
       adsurl = {https://ui.adsabs.harvard.edu/abs/2020A&A...642A.179M},
      adsnote = {Provided by the SAO/NASA Astrophysics Data System}
}



@ARTICLE{Crundall19,
       author = {{Crundall}, Timothy D. and {Ireland}, Michael J. and
         {Krumholz}, Mark R. and {Federrath}, Christoph and
         {{\v{Z}}erjal}, Maru{\v{s}}a and {Hansen}, Jonah T.},
        title = "{Chronostar: a novel Bayesian method for kinematic age determination - I. Derivation and application to the {\ensuremath{\beta}} Pictoris moving group}",
      journal = {\mnras},
     keywords = {methods: statistical, stars: kinematics and dynamics, stars: statistics, galaxy: kinematics and dynamics, open clusters and associations: general, Astrophysics - Solar and Stellar Astrophysics, Astrophysics - Astrophysics of Galaxies},
         year = 2019,
        month = nov,
       volume = {489},
       number = {3},
        pages = {3625-3642},
          doi = {10.1093/mnras/stz2376},
archivePrefix = {arXiv},
       eprint = {1902.07732},
 primaryClass = {astro-ph.SR},
       adsurl = {https://ui.adsabs.harvard.edu/abs/2019MNRAS.489.3625C},
      adsnote = {Provided by the SAO/NASA Astrophysics Data System}
}


@ARTICLE{Bell15,
       author = {{Bell}, Cameron P.~M. and {Mamajek}, Eric E. and {Naylor}, Tim},
        title = "{A self-consistent, absolute isochronal age scale for young moving groups in the solar neighbourhood}",
      journal = {\mnras},
     keywords = {techniques: photometric, stars: evolution, Hertzsprung-Russell and colour-magnitude diagrams, stars: pre-main-sequence, open clusters and associations: general, solar neighbourhood, Astrophysics - Solar and Stellar Astrophysics, Astrophysics - Astrophysics of Galaxies},
         year = "2015",
        month = "Nov",
       volume = {454},
       number = {1},
        pages = {593-614},
          doi = {10.1093/mnras/stv1981},
archivePrefix = {arXiv},
       eprint = {1508.05955},
 primaryClass = {astro-ph.SR},
       adsurl = {https://ui.adsabs.harvard.edu/abs/2015MNRAS.454..593B},
      adsnote = {Provided by the SAO/NASA Astrophysics Data System}
}

@ARTICLE{Lagrange19,
       author = {{Lagrange}, A. -M. and {Boccaletti}, A. and {Langlois}, M. and
         {Chauvin}, G. and {Gratton}, R. and {Beust}, H. and {Desidera}, S. and
         {Milli}, J. and {Bonnefoy}, M. and {Cheetham}, A.},
        title = "{Post-conjunction detection of {\ensuremath{\beta}} Pictoris b with VLT/SPHERE}",
      journal = {\aap},
     keywords = {planetary systems, stars: individual: HR 2020, instrumentation: high angular resolution, Astrophysics - Earth and Planetary Astrophysics, Astrophysics - Instrumentation and Methods for Astrophysics},
         year = "2019",
        month = "Jan",
       volume = {621},
          eid = {L8},
        pages = {L8},
          doi = {10.1051/0004-6361/201834302},
archivePrefix = {arXiv},
       eprint = {1809.08354},
 primaryClass = {astro-ph.EP},
       adsurl = {https://ui.adsabs.harvard.edu/abs/2019A&A...621L...8L},
      adsnote = {Provided by the SAO/NASA Astrophysics Data System}
}

@ARTICLE{Snellen18,
       author = {{Snellen}, I.~A.~G. and {Brown}, A.~G.~A.},
        title = "{The mass of the young planet Beta Pictoris b through the astrometric motion of its host star}",
      journal = {Nature Astronomy},
     keywords = {Astrophysics - Earth and Planetary Astrophysics},
         year = "2018",
        month = "Aug",
       volume = {2},
        pages = {883-886},
          doi = {10.1038/s41550-018-0561-6},
archivePrefix = {arXiv},
       eprint = {1808.06257},
 primaryClass = {astro-ph.EP},
       adsurl = {https://ui.adsabs.harvard.edu/abs/2018NatAs...2..883S},
      adsnote = {Provided by the SAO/NASA Astrophysics Data System}
}

@ARTICLE{Morzinski15,
   author = {{Morzinski}, K.~M. and {Males}, J.~R. and {Skemer}, A.~J. and 
	{Close}, L.~M. and {Hinz}, P.~M. and {Rodigas}, T.~J. and {Puglisi}, A. and 
	{Esposito}, S. and {Riccardi}, A. and {Pinna}, E. and {Xompero}, M. and 
	{Briguglio}, R. and {Bailey}, V.~P. and {Follette}, K.~B. and 
	{Kopon}, D. and {Weinberger}, A.~J. and {Wu}, Y.-L.},
    title = "{Magellan Adaptive Optics First-light Observations of the Exoplanet {$\beta$} Pic b. II. 3-5 {$\mu$}m Direct Imaging with MagAO+Clio, and the Empirical Bolometric Luminosity of a Self-luminous Giant Planet}",
  journal = {\apj},
archivePrefix = "arXiv",
   eprint = {1511.02894},
 primaryClass = "astro-ph.EP",
 keywords = {instrumentation: adaptive optics, planetary systems, planets and satellites: individual: Beta Pictoris b, stars: individual: Beta Pictoris},
     year = 2015,
    month = dec,
   volume = 815,
      eid = {108},
    pages = {108},
      doi = {10.1088/0004-637X/815/2/108},
   adsurl = {https://ui.adsabs.harvard.edu/abs/2015ApJ...815..108M},
  adsnote = {Provided by the SAO/NASA Astrophysics Data System}
}

@ARTICLE{Chilcote17,
   author = {{Chilcote}, J. and {Pueyo}, L. and {De Rosa}, R.~J. and {Vargas}, J. and 
	{Macintosh}, B. and {Bailey}, V.~P. and {Barman}, T. and {Bauman}, B. and 
	{Bruzzone}, S. and {Bulger}, J. and {Burrows}, A.~S. and {Cardwell}, A. and 
	{Chen}, C.~H. and {Cotten}, T. and {Dillon}, D. and {Doyon}, R. and 
	{Draper}, Z.~H. and {Duch{\^e}ne}, G. and {Dunn}, J. and {Erikson}, D. and 
	{Fitzgerald}, M.~P. and {Follette}, K.~B. and {Gavel}, D. and 
	{Goodsell}, S.~J. and {Graham}, J.~R. and {Greenbaum}, A.~Z. and 
	{Hartung}, M. and {Hibon}, P. and {Hung}, L.-W. and {Ingraham}, P. and 
	{Kalas}, P. and {Konopacky}, Q. and {Larkin}, J.~E. and {Maire}, J. and 
	{Marchis}, F. and {Marley}, M.~S. and {Marois}, C. and {Metchev}, S. and 
	{Millar-Blanchaer}, M.~A. and {Morzinski}, K.~M. and {Nielsen}, E.~L. and 
	{Norton}, A. and {Oppenheimer}, R. and {Palmer}, D. and {Patience}, J. and 
	{Perrin}, M. and {Poyneer}, L. and {Rajan}, A. and {Rameau}, J. and 
	{Rantakyr{\"o}}, F.~T. and {Sadakuni}, N. and {Saddlemyer}, L. and 
	{Savransky}, D. and {Schneider}, A.~C. and {Serio}, A. and {Sivaramakrishnan}, A. and 
	{Song}, I. and {Soummer}, R. and {Thomas}, S. and {Wallace}, J.~K. and 
	{Wang}, J.~J. and {Ward-Duong}, K. and {Wiktorowicz}, S. and 
	{Wolff}, S.},
    title = "{1-2.4 {$\mu$}m Near-IR Spectrum of the Giant Planet {$\beta$} Pictoris b Obtained with the Gemini Planet Imager}",
  journal = {\aj},
archivePrefix = "arXiv",
   eprint = {1703.00011},
 primaryClass = "astro-ph.EP",
 keywords = {instrumentation: adaptive optics, planetary systems, stars: individual: beta Pictoris, techniques: spectroscopic},
     year = 2017,
    month = apr,
   volume = 153,
      eid = {182},
    pages = {182},
      doi = {10.3847/1538-3881/aa63e9},
   adsurl = {http://adsabs.harvard.edu/abs/2017AJ....153..182C},
  adsnote = {Provided by the SAO/NASA Astrophysics Data System}
}

@ARTICLE{Zorec12,
   author = {{Zorec}, J. and {Royer}, F.},
    title = "{Rotational velocities of A-type stars. IV. Evolution of rotational velocities}",
  journal = {\aap},
archivePrefix = "arXiv",
   eprint = {1201.2052},
 primaryClass = "astro-ph.SR",
 keywords = {stars: early-type, stars: rotation, stars: evolution},
     year = 2012,
    month = jan,
   volume = 537,
      eid = {A120},
    pages = {A120},
      doi = {10.1051/0004-6361/201117691},
   adsurl = {http://adsabs.harvard.edu/abs/2012A%26A...537A.120Z},
  adsnote = {Provided by the SAO/NASA Astrophysics Data System}
}

@ARTICLE{Stuik17,
   author = {{Stuik}, R. and {Bailey}, J.~I. and {Dorval}, P. and {Talens}, G.~J.~J. and
        {Laginja}, I. and {Mellon}, S.~N. and {Lomberg}, B.~B.~D. and
        {Crawford}, S.~M. and {Ireland}, M.~J. and {Mamajek}, E.~E. and
        {Kenworthy}, M.~A.},
    title = "{bRing: An observatory dedicated to monitoring the {$\beta$} Pictoris b Hill sphere transit}",
  journal = {\aap},
archivePrefix = "arXiv",
   eprint = {1709.01325},
 primaryClass = "astro-ph.IM",
 keywords = {planets and satellites: gaseous planets, planets and satellites: formation, planets and satellites: rings, eclipses, instrumentation: photometers},
     year = 2017,
    month = nov,
   volume = 607,
      eid = {A45},
    pages = {A45},
      doi = {10.1051/0004-6361/201731679},
   adsurl = {http://adsabs.harvard.edu/abs/2017A%26A...607A..45S},
  adsnote = {Provided by the SAO/NASA Astrophysics Data System}
}


@ARTICLE{LecavelierdesEtangs95,
   author = {{Lecavelier Des Etangs}, A. and {Deleuil}, M. and
{Vidal-Madjar}, A. and
    {Ferlet}, R. and {Nitschelm}, C. and {Nicolet}, B. and
{Lagrange-Henri}, A.~M.
    },
    title = "{{$\beta$} Pictoris: evidence of light variations.}",
  journal = {\aap},
   eprint = {astro-ph/9412071},
 keywords = {STARS: $\{$BETA$\}$ PIC, CIRCUMSTELLAR MATTER, PLANETARY
SYSTEMS},
     year = 1995,
    month = jul,
   volume = 299,
    pages = {557},
   adsurl = {http://adsabs.harvard.edu/abs/1995A%26A...299..557L},
  adsnote = {Provided by the SAO/NASA Astrophysics Data System}
}


@ARTICLE{Sinclair75,
	author = {{Sinclair}, A.~T.},
	title = "{The orbital resonance amongst the Galilean satellites of Jupiter}",
	journal = {\mnras},
	keywords = {Jupiter (Planet), Libration, Natural Satellites, Orbital Elements, Orbital Resonances (Celestial Mechanics), Resonance, Satellite Orbits, Laplace Equation, Orbital Mechanics, Tides, Uranus (Planet)},
	year = 1975,
	month = apr,
	volume = 171,
	pages = {59-72},
	doi = {10.1093/mnras/171.1.59},
	adsurl = {http://adsabs.harvard.edu/abs/1975MNRAS.171...59S},
	adsnote = {Provided by the SAO/NASA Astrophysics Data System}
}

@article{Czechowski14,
	title = "Some remarks on the early evolution of Enceladus ",
	journal = "Planetary and Space Science ",
	volume = "104, Part B",
	number = "",
	pages = "185 - 199",
	year = "2014",
	note = "",
	issn = "0032-0633",
	doi = "http://dx.doi.org/10.1016/j.pss.2014.09.010",
	url = "http://www.sciencedirect.com/science/article/pii/S0032063314002918",
	author = "Leszek Czechowski",
	keywords = "Enceladus",
	keywords = "Thermal histories",
	keywords = "Interiors",
	keywords = "Tides",
	keywords = "Solid body",
	keywords = "Resonances",
	keywords = "Orbital ",
}

@ARTICLE{Hartmann75,
   author = {{Hartmann}, W.~K. and {Davis}, D.~R.},
    title = "{Satellite-sized planetesimals and lunar origin}",
  journal = {\icarus},
 keywords = {Asteroids, Astronomical Models, Particle Size Distribution, Planetary Evolution, Cratering, Fragmentation, Meteorite Collisions, Meteoroid Dust Clouds},
     year = 1975,
    month = apr,
   volume = 24,
    pages = {504-514},
      doi = {10.1016/0019-1035(75)90070-6},
   adsurl = {https://ui.adsabs.harvard.edu/abs/1975Icar...24..504H},
  adsnote = {Provided by the SAO/NASA Astrophysics Data System}
}

@ARTICLE{Agnor06,
   author = {{Agnor}, C.~B. and {Hamilton}, D.~P.},
    title = "{Neptune's capture of its moon Triton in a binary-planet gravitational encounter}",
  journal = {\nat},
     year = 2006,
    month = may,
   volume = 441,
    pages = {192-194},
      doi = {10.1038/nature04792},
   adsurl = {http://adsabs.harvard.edu/abs/2006Natur.441..192A},
  adsnote = {Provided by the SAO/NASA Astrophysics Data System}
}

@INPROCEEDINGS{Rosario17,
	author = {{Rosario-Franco}, M. and {Noyola}, J. and {Satyal}, S. and {Musielak}, Z.~E. and 
	{Kodilkar}, J.},
	title = "{Searching for the First Exomoon in the Radio: A Report on GMRT Data}",
	booktitle = {American Astronomical Society Meeting Abstracts},
	year = 2017,
	series = {American Astronomical Society Meeting Abstracts},
	volume = 229,
	month = jan,
	eid = {415.02},
	pages = {415.02},
	adsurl = {http://adsabs.harvard.edu/abs/2017AAS...22941502R},
	adsnote = {Provided by the SAO/NASA Astrophysics Data System}
}

@ARTICLE{Pecaut16,
   author = {{Pecaut}, M.~J. and {Mamajek}, E.~E.},
    title = "{The star formation history and accretion-disc fraction among the K-type members of the Scorpius-Centaurus OB association}",
  journal = {\mnras},
archivePrefix = "arXiv",
   eprint = {1605.08789},
 primaryClass = "astro-ph.SR",
 keywords = {circumstellar matter, stars: pre-main-sequence, open clusters and associations: individual: Scorpius-Centaurus, Sco OB2, Upper Scorpius, Upper Centaurus-Lupus, Lower Centaurus-Crux},
     year = 2016,
    month = sep,
   volume = 461,
    pages = {794-815},
      doi = {10.1093/mnras/stw1300},
   adsurl = {https://ui.adsabs.harvard.edu/abs/2016MNRAS.461..794P},
  adsnote = {Provided by the SAO/NASA Astrophysics Data System}
}


@ARTICLE{Turner14,
       author = {{Turner}, N.~J. and {Lee}, Man Hoi and {Sano}, T.},
        title = "{Magnetic Coupling in the Disks around Young Gas Giant Planets}",
      journal = {\apj},
     keywords = {accretion, accretion disks, astrochemistry, magnetohydrodynamics: MHD, planets and satellites: formation, turbulence, Astrophysics - Earth and Planetary Astrophysics},
         year = "2014",
        month = "Mar",
       volume = {783},
       number = {1},
          eid = {14},
        pages = {14},
          doi = {10.1088/0004-637X/783/1/14},
archivePrefix = {arXiv},
       eprint = {1306.2276},
 primaryClass = {astro-ph.EP},
       adsurl = {https://ui.adsabs.harvard.edu/abs/2014ApJ...783...14T},
      adsnote = {Provided by the SAO/NASA Astrophysics Data System}
}



@ARTICLE{Popowicz17,
       author = {{Popowicz}, A. and {Pigulski}, A. and {Bernacki}, K. and {Kuschnig}, R. and
         {Pablo}, H. and {Ramiaramanantsoa}, T. and {Zoc{\l}o{\'n}ska}, E. and
         {Baade}, D. and {Handler}, G. and {Moffat}, A.~F.~J. and {Wade}, G.~A. and
         {Neiner}, C. and {Rucinski}, S.~M. and {Weiss}, W.~W. and
         {Koudelka}, O. and {Orlea{\'n}ski}, P. and {Schwarzenberg-Czerny}, A. and
         {Zwintz}, K.},
        title = "{BRITE Constellation: data processing and photometry}",
      journal = {\aap},
     keywords = {instrumentation: detectors, methods: data analysis, techniques: image processing, techniques: photometric, space vehicles: instruments, Astrophysics - Instrumentation and Methods for Astrophysics},
         year = 2017,
        month = sep,
       volume = {605},
          eid = {A26},
        pages = {A26},
          doi = {10.1051/0004-6361/201730806},
archivePrefix = {arXiv},
       eprint = {1705.09712},
 primaryClass = {astro-ph.IM},
       adsurl = {https://ui.adsabs.harvard.edu/abs/2017A&A...605A..26P},
      adsnote = {Provided by the SAO/NASA Astrophysics Data System}
}

@ARTICLE{Weiss14,
       author = {{Weiss}, W.~W. and {Rucinski}, S.~M. and {Moffat}, A.~F.~J. and
         {Schwarzenberg-Czerny}, A. and {Koudelka}, O.~F. and {Grant}, C.~C. and
         {Zee}, R.~E. and {Kuschnig}, R. and {Mochnacki}, St. and
         {Matthews}, J.~M. and {Orleanski}, P. and {Pamyatnykh}, A. and
         {Pigulski}, A. and {Alves}, J. and {Guedel}, M. and {Handler}, G. and
         {Wade}, G.~A. and {Zwintz}, K.},
        title = "{BRITE-Constellation: Nanosatellites for Precision Photometry of Bright Stars}",
      journal = {\pasp},
     keywords = {Astrophysics - Instrumentation and Methods for Astrophysics, Astrophysics - Solar and Stellar Astrophysics},
         year = 2014,
        month = jun,
       volume = {126},
       number = {940},
        pages = {573},
          doi = {10.1086/677236},
archivePrefix = {arXiv},
       eprint = {1406.3778},
 primaryClass = {astro-ph.IM},
       adsurl = {https://ui.adsabs.harvard.edu/abs/2014PASP..126..573W},
      adsnote = {Provided by the SAO/NASA Astrophysics Data System}
}


@ARTICLE{Bell13,
   author = {{Bell}, C.~P.~M. and {Naylor}, T. and {Mayne}, N.~J. and {Jeffries}, R.~D. and 
	{Littlefair}, S.~P.},
    title = "{Pre-main-sequence isochrones - II. Revising star and planet formation time-scales}",
  journal = {\mnras},
archivePrefix = "arXiv",
   eprint = {1306.3237},
 primaryClass = "astro-ph.SR",
 keywords = {techniques: photometric, stars: evolution, stars: formation, stars: fundamental parameters, Hertzsprung-Russell and colour-magnitude diagrams, stars: pre-main-sequence},
     year = 2013,
    month = sep,
   volume = 434,
    pages = {806-831},
      doi = {10.1093/mnras/stt1075},
   adsurl = {http://adsabs.harvard.edu/abs/2013MNRAS.434..806B},
  adsnote = {Provided by the SAO/NASA Astrophysics Data System}
}

@INPROCEEDINGS{Mamajek09,
   author = {{Mamajek}, E.~E.},
    title = "{How accurately can we age-date solar-type dwarfs using activity/rotation diagnostics?}",
 keywords = {Sun: (activity, rotation), stars: (activity, chromospheres, coronae, fundamental parameters, late-type, low-mass, rotation), Galaxy: evolution},
booktitle = {The Ages of Stars},
     year = 2009,
   series = {IAU Symposium},
   volume = 258,
archivePrefix = "arXiv",
   eprint = {0904.1047},
 primaryClass = "astro-ph.SR",
   editor = {{Mamajek}, E.~E. and {Soderblom}, D.~R. and {Wyse}, R.~F.~G.
	},
    month = jun,
    pages = {375-382},
      doi = {10.1017/S1743921309032037},
   adsurl = {https://ui.adsabs.harvard.edu/abs/2009IAUS..258..375M},
  adsnote = {Provided by the SAO/NASA Astrophysics Data System}
}

@ARTICLE{Sengupta16,
	author = {{Sengupta}, S. and {Marley}, M.~S.},
	title = "{Detecting Exomoons around Self-luminous Giant Exoplanets through Polarization}",
	journal = {\apj},
	archivePrefix = "arXiv",
	eprint = {1604.04773},
	primaryClass = "astro-ph.SR",
	keywords = {infrared: planetary systems, occultations, planets and satellites: atmospheres, planets and satellites: detection, polarization, scattering},
	year = 2016,
	month = jun,
	volume = 824,
	eid = {76},
	pages = {76},
	doi = {10.3847/0004-637X/824/2/76},
	adsurl = {http://adsabs.harvard.edu/abs/2016ApJ...824...76S},
	adsnote = {Provided by the SAO/NASA Astrophysics Data System}
}

@ARTICLE{Ward10,
   author = {{Ward}, W.~R. and {Canup}, R.~M.},
    title = "{Circumplanetary Disk Formation}",
  journal = {\aj},
 keywords = {planet-disk interactions, planets and satellites: formation, planets and satellites: physical evolution},
     year = 2010,
    month = nov,
   volume = 140,
    pages = {1168-1193},
      doi = {10.1088/0004-6256/140/5/1168},
   adsurl = {http://adsabs.harvard.edu/abs/2010AJ....140.1168W},
  adsnote = {Provided by the SAO/NASA Astrophysics Data System}
}

@ARTICLE{Forgan16,
	author = {{Forgan}, D. and {Dobos}, V.},
	title = "{Exomoon climate models with the carbonate-silicate cycle and viscoelastic tidal heating}",
	journal = {\mnras},
	archivePrefix = "arXiv",
	eprint = {1601.00789},
	primaryClass = "astro-ph.EP",
	keywords = {astrobiology, methods: numerical, planets and satellites: atmospheres},
	year = 2016,
	month = apr,
	volume = 457,
	pages = {1233-1241},
	doi = {10.1093/mnras/stw024},
	adsurl = {http://adsabs.harvard.edu/abs/2016MNRAS.457.1233F},
	adsnote = {Provided by the SAO/NASA Astrophysics Data System}
}

@ARTICLE{Heller17,
	author = {{Heller}, R.},
	title = "{On the Detection of Extrasolar Moons and Rings}",
	journal = {ArXiv e-prints},
	archivePrefix = "arXiv",
	eprint = {1701.04706},
	primaryClass = "astro-ph.EP",
	keywords = {Astrophysics - Earth and Planetary Astrophysics},
	year = 2017,
	month = jan,
	adsurl = {http://adsabs.harvard.edu/abs/2017arXiv170104706H},
	adsnote = {Provided by the SAO/NASA Astrophysics Data System}
}

@ARTICLE{Heller15,
	author = {{Heller}, R. and {Barnes}, R.},
	title = "{Runaway greenhouse effect on exomoons due to irradiation from hot, young giant planets}",
	journal = {International Journal of Astrobiology},
	archivePrefix = "arXiv",
	eprint = {1311.0292},
	primaryClass = "astro-ph.EP",
	keywords = {astrobiology,, celestial mechanics,, planets and satellites: general,, radiation mechanisms: general,},
	year = 2015,
	month = apr,
	volume = 14,
	pages = {335-343},
	doi = {10.1017/S1473550413000463},
	adsurl = {http://adsabs.harvard.edu/abs/2015IJAsB..14..335H},
	adsnote = {Provided by the SAO/NASA Astrophysics Data System}
}

@ARTICLE{Forgan14,
	author = {{Forgan}, D. and {Yotov}, V.},
	title = "{The effect of planetary illumination on climate modelling of Earth-like exomoons}",
	journal = {\mnras},
	archivePrefix = "arXiv",
	eprint = {1404.4493},
	primaryClass = "astro-ph.EP",
	keywords = {astrobiology, methods: numerical, planets and satellites: general},
	year = 2014,
	month = jul,
	volume = 441,
	pages = {3513-3523},
	doi = {10.1093/mnras/stu740},
	adsurl = {http://adsabs.harvard.edu/abs/2014MNRAS.441.3513F},
	adsnote = {Provided by the SAO/NASA Astrophysics Data System}
}

@ARTICLE{Heller14,
	author = {{Heller}, R. and {Williams}, D. and {Kipping}, D. and {Limbach}, M.~A. and 
	{Turner}, E. and {Greenberg}, R. and {Sasaki}, T. and {Bolmont}, {\'E}. and 
	{Grasset}, O. and {Lewis}, K. and {Barnes}, R. and {Zuluaga}, J.~I.
	},
	title = "{Formation, Habitability, and Detection of Extrasolar Moons}",
	journal = {Astrobiology},
	archivePrefix = "arXiv",
	eprint = {1408.6164},
	primaryClass = "astro-ph.EP",
	year = 2014,
	month = sep,
	volume = 14,
	pages = {798-835},
	doi = {10.1089/ast.2014.1147},
	adsurl = {http://adsabs.harvard.edu/abs/2014AsBio..14..798H},
	adsnote = {Provided by the SAO/NASA Astrophysics Data System}
}

@ARTICLE{Mosqueira06,
       author = {{Mosqueira}, Ignacio and {Estrada}, Paul R.},
        title = "{Jupiter's obliquity and a long-lived circumplanetary disk}",
      journal = {\icarus},
     keywords = {Astrophysics},
         year = "2006",
        month = "Jan",
       volume = {180},
       number = {1},
        pages = {93-97},
          doi = {10.1016/j.icarus.2005.10.001},
archivePrefix = {arXiv},
       eprint = {astro-ph/0506147},
 primaryClass = {astro-ph},
       adsurl = {https://ui.adsabs.harvard.edu/abs/2006Icar..180...93M},
      adsnote = {Provided by the SAO/NASA Astrophysics Data System}
}

@ARTICLE{Alibert05,
   author = {{Alibert}, Y. and {Mousis}, O. and {Benz}, W.},
    title = "{Modeling the Jovian subnebula. I. Thermodynamic conditions and migration of proto-satellites}",
  journal = {\aap},
   eprint = {arXiv:astro-ph/0505367},
 keywords = {planets and satellites: formation, solar system: formation},
     year = 2005,
    month = sep,
   volume = 439,
    pages = {1205-1213},
      doi = {10.1051/0004-6361:20052841},
   adsurl = {http://adsabs.harvard.edu/abs/2005A%26A...439.1205A},
  adsnote = {Provided by the SAO/NASA Astrophysics Data System}
}

@ARTICLE{Canup02,
   author = {{Canup}, R.~M. and {Ward}, W.~R.},
    title = "{Formation of the Galilean Satellites: Conditions of Accretion}",
  journal = {\aj},
 keywords = {Planets and Satellites: Formation, solar system},
     year = 2002,
    month = dec,
   volume = 124,
    pages = {3404-3423},
      doi = {10.1086/344684},
   adsurl = {http://adsabs.harvard.edu/abs/2002AJ....124.3404C},
  adsnote = {Provided by the SAO/NASA Astrophysics Data System}
}

@ARTICLE{Canup06,
   author = {{Canup}, R.~M. and {Ward}, W.~R.},
    title = "{A common mass scaling for satellite systems of gaseous planets}",
  journal = {\nat},
     year = 2006,
    month = jun,
   volume = 441,
    pages = {834-839},
      doi = {10.1038/nature04860},
   adsurl = {http://adsabs.harvard.edu/abs/2006Natur.441..834C},
  adsnote = {Provided by the SAO/NASA Astrophysics Data System}
}

@article{Barr16,
author = {Amy C. Barr},
title = {Formation of exomoons: a solar system perspective},
journal = {Astronomical Review},
volume = {12},
number = {1-4},
pages = {24-52},
year  = {2016},
publisher = {Taylor & Francis},
doi = {10.1080/21672857.2017.1279469},

URL = { 
        https://doi.org/10.1080/21672857.2017.1279469
    
},
eprint = { 
        https://doi.org/10.1080/21672857.2017.1279469
    
}
}

@ARTICLE{Canup04,
   author = {{Canup}, R.~M.},
    title = "{Simulations of a late lunar-forming impact}",
  journal = {\icarus},
 keywords = {Moon, Impact processes, Planetary formation, formation},
     year = 2004,
    month = apr,
   volume = 168,
    pages = {433-456},
      doi = {10.1016/j.icarus.2003.09.028},
   adsurl = {https://ui.adsabs.harvard.edu/abs/2004Icar..168..433C},
  adsnote = {Provided by the SAO/NASA Astrophysics Data System}
}

@ARTICLE{Canup05,
	author = {Canup, Robin M.},
	title = {A Giant Impact Origin of Pluto-Charon},
	volume = {307},
	number = {5709},
	pages = {546--550},
	year = {2005},
	doi = {10.1126/science.1106818},
	publisher = {American Association for the Advancement of Science},
	abstract = {Pluto and its moon, Charon, are the most prominent members of the Kuiper belt, and their existence holds clues to outer solar system formation processes. Here, hydrodynamic simulations are used to demonstrate that the formation of Pluto-Charon by means of a large collision is quite plausible. I show that such an impact probably produced an intact Charon, although it is possible that a disk of material orbited Pluto from which Charon later accumulated. These findings suggest that collisions between 1000-kilometer-class objects occurred in the early inner Kuiper belt.},
	issn = {0036-8075},
	URL = {https://science.sciencemag.org/content/307/5709/546},
	eprint = {https://science.sciencemag.org/content/307/5709/546.full.pdf},
	journal = {Science}
}

@ARTICLE{2018AJ....156..123A,
   author = {{Astropy Collaboration} and {Price-Whelan}, A.~M. and {Sip{\H o}cz}, B.~M. and 
	{G{\"u}nther}, H.~M. and {Lim}, P.~L. and {Crawford}, S.~M. and 
	{Conseil}, S. and {Shupe}, D.~L. and {Craig}, M.~W. and {Dencheva}, N. and 
	{Ginsburg}, A. and {VanderPlas}, J.~T. and {Bradley}, L.~D. and 
	{P{\'e}rez-Su{\'a}rez}, D. and {de Val-Borro}, M. and {Aldcroft}, T.~L. and 
	{Cruz}, K.~L. and {Robitaille}, T.~P. and {Tollerud}, E.~J. and 
	{Ardelean}, C. and {Babej}, T. and {Bach}, Y.~P. and {Bachetti}, M. and 
	{Bakanov}, A.~V. and {Bamford}, S.~P. and {Barentsen}, G. and 
	{Barmby}, P. and {Baumbach}, A. and {Berry}, K.~L. and {Biscani}, F. and 
	{Boquien}, M. and {Bostroem}, K.~A. and {Bouma}, L.~G. and {Brammer}, G.~B. and 
	{Bray}, E.~M. and {Breytenbach}, H. and {Buddelmeijer}, H. and 
	{Burke}, D.~J. and {Calderone}, G. and {Cano Rodr{\'{\i}}guez}, J.~L. and 
	{Cara}, M. and {Cardoso}, J.~V.~M. and {Cheedella}, S. and {Copin}, Y. and 
	{Corrales}, L. and {Crichton}, D. and {D'Avella}, D. and {Deil}, C. and 
	{Depagne}, {\'E}. and {Dietrich}, J.~P. and {Donath}, A. and 
	{Droettboom}, M. and {Earl}, N. and {Erben}, T. and {Fabbro}, S. and 
	{Ferreira}, L.~A. and {Finethy}, T. and {Fox}, R.~T. and {Garrison}, L.~H. and 
	{Gibbons}, S.~L.~J. and {Goldstein}, D.~A. and {Gommers}, R. and 
	{Greco}, J.~P. and {Greenfield}, P. and {Groener}, A.~M. and 
	{Grollier}, F. and {Hagen}, A. and {Hirst}, P. and {Homeier}, D. and 
	{Horton}, A.~J. and {Hosseinzadeh}, G. and {Hu}, L. and {Hunkeler}, J.~S. and 
	{Ivezi{\'c}}, {\v Z}. and {Jain}, A. and {Jenness}, T. and {Kanarek}, G. and 
	{Kendrew}, S. and {Kern}, N.~S. and {Kerzendorf}, W.~E. and 
	{Khvalko}, A. and {King}, J. and {Kirkby}, D. and {Kulkarni}, A.~M. and 
	{Kumar}, A. and {Lee}, A. and {Lenz}, D. and {Littlefair}, S.~P. and 
	{Ma}, Z. and {Macleod}, D.~M. and {Mastropietro}, M. and {McCully}, C. and 
	{Montagnac}, S. and {Morris}, B.~M. and {Mueller}, M. and {Mumford}, S.~J. and 
	{Muna}, D. and {Murphy}, N.~A. and {Nelson}, S. and {Nguyen}, G.~H. and 
	{Ninan}, J.~P. and {N{\"o}the}, M. and {Ogaz}, S. and {Oh}, S. and 
	{Parejko}, J.~K. and {Parley}, N. and {Pascual}, S. and {Patil}, R. and 
	{Patil}, A.~A. and {Plunkett}, A.~L. and {Prochaska}, J.~X. and 
	{Rastogi}, T. and {Reddy Janga}, V. and {Sabater}, J. and {Sakurikar}, P. and 
	{Seifert}, M. and {Sherbert}, L.~E. and {Sherwood-Taylor}, H. and 
	{Shih}, A.~Y. and {Sick}, J. and {Silbiger}, M.~T. and {Singanamalla}, S. and 
	{Singer}, L.~P. and {Sladen}, P.~H. and {Sooley}, K.~A. and 
	{Sornarajah}, S. and {Streicher}, O. and {Teuben}, P. and {Thomas}, S.~W. and 
	{Tremblay}, G.~R. and {Turner}, J.~E.~H. and {Terr{\'o}n}, V. and 
	{van Kerkwijk}, M.~H. and {de la Vega}, A. and {Watkins}, L.~L. and 
	{Weaver}, B.~A. and {Whitmore}, J.~B. and {Woillez}, J. and 
	{Zabalza}, V. and {Astropy Contributors}},
    title = "{The Astropy Project: Building an Open-science Project and Status of the v2.0 Core Package}",
  journal = {\aj},
archivePrefix = "arXiv",
   eprint = {1801.02634},
 primaryClass = "astro-ph.IM",
 keywords = {methods: data analysis, methods: miscellaneous, methods: statistical, reference systems },
     year = 2018,
    month = sep,
   volume = 156,
      eid = {123},
    pages = {123},
      doi = {10.3847/1538-3881/aabc4f},
   adsurl = {http://adsabs.harvard.edu/abs/2018AJ....156..123A},
  adsnote = {Provided by the SAO/NASA Astrophysics Data System}
}


@Article{Hunter:2007,
  Author    = {Hunter, J. D.},
  Title     = {Matplotlib: A 2D graphics environment},
  Journal   = {Computing In Science \& Engineering},
  Volume    = {9},
  Number    = {3},
  Pages     = {90--95},
  abstract  = {Matplotlib is a 2D graphics package used for Python
  for application development, interactive scripting, and
  publication-quality image generation across user
  interfaces and operating systems.},
  publisher = {IEEE COMPUTER SOC},
  doi       = {10.1109/MCSE.2007.55},
  year      = 2007
}

@article{astropy:2013,
Adsnote = {Provided by the SAO/NASA Astrophysics Data System},
Adsurl = {http://adsabs.harvard.edu/abs/2013A%26A...558A..33A},
Archiveprefix = {arXiv},
Author = {{Astropy Collaboration} and {Robitaille}, T.~P. and {Tollerud}, E.~J. and {Greenfield}, P. and {Droettboom}, M. and {Bray}, E. and {Aldcroft}, T. and {Davis}, M. and {Ginsburg}, A. and {Price-Whelan}, A.~M. and {Kerzendorf}, W.~E. and {Conley}, A. and {Crighton}, N. and {Barbary}, K. and {Muna}, D. and {Ferguson}, H. and {Grollier}, F. and {Parikh}, M.~M. and {Nair}, P.~H. and {Unther}, H.~M. and {Deil}, C. and {Woillez}, J. and {Conseil}, S. and {Kramer}, R. and {Turner}, J.~E.~H. and {Singer}, L. and {Fox}, R. and {Weaver}, B.~A. and {Zabalza}, V. and {Edwards}, Z.~I. and {Azalee Bostroem}, K. and {Burke}, D.~J. and {Casey}, A.~R. and {Crawford}, S.~M. and {Dencheva}, N. and {Ely}, J. and {Jenness}, T. and {Labrie}, K. and {Lim}, P.~L. and {Pierfederici}, F. and {Pontzen}, A. and {Ptak}, A. and {Refsdal}, B. and {Servillat}, M. and {Streicher}, O.},
Doi = {10.1051/0004-6361/201322068},
Eid = {A33},
Eprint = {1307.6212},
Journal = {\aap},
Keywords = {methods: data analysis, methods: miscellaneous, virtual observatory tools},
Month = oct,
Pages = {A33},
Primaryclass = {astro-ph.IM},
Title = {{Astropy: A community Python package for astronomy}},
Volume = 558,
Year = 2013,
Bdsk-Url-1 = {https://dx.doi.org/10.1051/0004-6361/201322068}}

@article{astropy:2018,
Adsnote = {Provided by the SAO/NASA Astrophysics Data System},
Adsurl = {https://ui.adsabs.harvard.edu/#abs/2018AJ....156..123T},
Author = {{Price-Whelan}, A.~M. and {Sip{\H{o}}cz}, B.~M. and {G{\"u}nther}, H.~M. and {Lim}, P.~L. and {Crawford}, S.~M. and {Conseil}, S. and {Shupe}, D.~L. and {Craig}, M.~W. and {Dencheva}, N. and {Ginsburg}, A. and {VanderPlas}, J.~T. and {Bradley}, L.~D. and {P{\'e}rez-Su{\'a}rez}, D. and {de Val-Borro}, M. and {Paper Contributors}, (Primary and {Aldcroft}, T.~L. and {Cruz}, K.~L. and {Robitaille}, T.~P. and {Tollerud}, E.~J. and {Coordination Committee}, (Astropy and {Ardelean}, C. and {Babej}, T. and {Bach}, Y.~P. and {Bachetti}, M. and {Bakanov}, A.~V. and {Bamford}, S.~P. and {Barentsen}, G. and {Barmby}, P. and {Baumbach}, A. and {Berry}, K.~L. and {Biscani}, F. and {Boquien}, M. and {Bostroem}, K.~A. and {Bouma}, L.~G. and {Brammer}, G.~B. and {Bray}, E.~M. and {Breytenbach}, H. and {Buddelmeijer}, H. and {Burke}, D.~J. and {Calderone}, G. and {Cano Rodr{\'\i}guez}, J.~L. and {Cara}, M. and {Cardoso}, J.~V.~M. and {Cheedella}, S. and {Copin}, Y. and {Corrales}, L. and {Crichton}, D. and {D{\textquoteright}Avella}, D. and {Deil}, C. and {Depagne}, {\'E}. and {Dietrich}, J.~P. and {Donath}, A. and {Droettboom}, M. and {Earl}, N. and {Erben}, T. and {Fabbro}, S. and {Ferreira}, L.~A. and {Finethy}, T. and {Fox}, R.~T. and {Garrison}, L.~H. and {Gibbons}, S.~L.~J. and {Goldstein}, D.~A. and {Gommers}, R. and {Greco}, J.~P. and {Greenfield}, P. and {Groener}, A.~M. and {Grollier}, F. and {Hagen}, A. and {Hirst}, P. and {Homeier}, D. and {Horton}, A.~J. and {Hosseinzadeh}, G. and {Hu}, L. and {Hunkeler}, J.~S. and {Ivezi{\'c}}, {\v{Z}}. and {Jain}, A. and {Jenness}, T. and {Kanarek}, G. and {Kendrew}, S. and {Kern}, N.~S. and {Kerzendorf}, W.~E. and {Khvalko}, A. and {King}, J. and {Kirkby}, D. and {Kulkarni}, A.~M. and {Kumar}, A. and {Lee}, A. and {Lenz}, D. and {Littlefair}, S.~P. and {Ma}, Z. and {Macleod}, D.~M. and {Mastropietro}, M. and {McCully}, C. and {Montagnac}, S. and {Morris}, B.~M. and {Mueller}, M. and {Mumford}, S.~J. and {Muna}, D. and {Murphy}, N.~A. and {Nelson}, S. and {Nguyen}, G.~H. and {Ninan}, J.~P. and {N{\"o}the}, M. and {Ogaz}, S. and {Oh}, S. and {Parejko}, J.~K. and {Parley}, N. and {Pascual}, S. and {Patil}, R. and {Patil}, A.~A. and {Plunkett}, A.~L. and {Prochaska}, J.~X. and {Rastogi}, T. and {Reddy Janga}, V. and {Sabater}, J. and {Sakurikar}, P. and {Seifert}, M. and {Sherbert}, L.~E. and {Sherwood-Taylor}, H. and {Shih}, A.~Y. and {Sick}, J. and {Silbiger}, M.~T. and {Singanamalla}, S. and {Singer}, L.~P. and {Sladen}, P.~H. and {Sooley}, K.~A. and {Sornarajah}, S. and {Streicher}, O. and {Teuben}, P. and {Thomas}, S.~W. and {Tremblay}, G.~R. and {Turner}, J.~E.~H. and {Terr{\'o}n}, V. and {van Kerkwijk}, M.~H. and {de la Vega}, A. and {Watkins}, L.~L. and {Weaver}, B.~A. and {Whitmore}, J.~B. and {Woillez}, J. and {Zabalza}, V. and {Contributors}, (Astropy},
Doi = {10.3847/1538-3881/aabc4f},
Eid = {123},
Journal = {\aj},
Keywords = {methods: data analysis, methods: miscellaneous, methods: statistical, reference systems, Astrophysics - Instrumentation and Methods for Astrophysics},
Month = Sep,
Pages = {123},
Primaryclass = {astro-ph.IM},
Title = {{The Astropy Project: Building an Open-science Project and Status of the v2.0 Core Package}},
Volume = {156},
Year = 2018,
Bdsk-Url-1 = {https://doi.org/10.3847/1538-3881/aabc4f}}


@misc{aplpy2012,
      author        = {{Robitaille}, T. and {Bressert}, E.},
      title         = "{APLpy: Astronomical Plotting Library in Python}",
      keywords      = {Software },
      howpublished  = {Astrophysics Source Code Library},
      year          = 2012,
      month         = aug,
      archivePrefix = "ascl",
      eprint        = {1208.017},
      adsurl        = {http://adsabs.harvard.edu/abs/2012ascl.soft08017R},
      adsnote       = {Provided by the SAO/NASA Astrophysics Data System}
    }

@misc{aplpy2019,
      author       = {Robitaille, Thomas},
      title        = {{APLpy v2.0: The Astronomical Plotting Library in Python}},
      month        = feb,
      year         = 2019,
      doi          = {10.5281/zenodo.2567476},
      url          = {https://doi.org/10.5281/zenodo.2567476}
    }

@ARTICLE{Zanazzi17,
       author = {{Zanazzi}, J.~J. and {Lai}, Dong},
        title = "{Extended transiting discs and rings around planets and brown dwarfs: theoretical constraints}",
      journal = {\mnras},
     keywords = {planets and satellites: detection, planets and satellites: dynamical evolution and stability, planets and satellites: rings, planet-disc interactions, Astrophysics - Earth and Planetary Astrophysics},
         year = "2017",
        month = "Feb",
       volume = {464},
       number = {4},
        pages = {3945-3954},
          doi = {10.1093/mnras/stw2629},
archivePrefix = {arXiv},
       eprint = {1605.02365},
 primaryClass = {astro-ph.EP},
       adsurl = {https://ui.adsabs.harvard.edu/abs/2017MNRAS.464.3945Z},
      adsnote = {Provided by the SAO/NASA Astrophysics Data System}
}

@ARTICLE{Mamajek12,
   author = {{Mamajek}, E.~E. and {Quillen}, A.~C. and {Pecaut}, M.~J. and 
	{Moolekamp}, F. and {Scott}, E.~L. and {Kenworthy}, M.~A. and 
	{Collier Cameron}, A. and {Parley}, N.~R.},
    title = "{Planetary Construction Zones in Occultation: Discovery of an Extrasolar Ring System Transiting a Young Sun-like Star and Future Prospects for Detecting Eclipses by Circumsecondary and Circumplanetary Disks}",
  journal = {\aj},
archivePrefix = "arXiv",
   eprint = {1108.4070},
 primaryClass = "astro-ph.SR",
 keywords = {binaries: eclipsing, planetary systems, planets and satellites: formation, planets and satellites: rings, stars: individual: 1SWASP J140747.93{\ndash}394542.6 ASAS J140748{\ndash}3945.7, stars: pre-main sequence},
     year = 2012,
    month = mar,
   volume = 143,
      eid = {72},
    pages = {72},
      doi = {10.1088/0004-6256/143/3/72},
   adsurl = {http://adsabs.harvard.edu/abs/2012AJ....143...72M},
  adsnote = {Provided by the SAO/NASA Astrophysics Data System}
}

@ARTICLE{Perez192,
       author = {{P{\'e}rez}, Sebasti{\'a}n and {Marino}, Sebasti{\'a}n and
         {Casassus}, Simon and {Baruteau}, Cl{\'e}ment and {Zurlo}, Alice and
         {Flores}, Christian and {Chauvin}, Gael},
        title = "{Upper limits on protolunar disc masses using ALMA observations of directly imaged exoplanets}",
      journal = {\mnras},
     keywords = {planets and satellites: detection, planets and satellites: formation, submillimetre: planetary systems, Astrophysics - Earth and Planetary Astrophysics},
         year = 2019,
        month = sep,
       volume = {488},
       number = {1},
        pages = {1005-1011},
          doi = {10.1093/mnras/stz1775},
archivePrefix = {arXiv},
       eprint = {1906.11774},
 primaryClass = {astro-ph.EP},
       adsurl = {https://ui.adsabs.harvard.edu/abs/2019MNRAS.488.1005P},
      adsnote = {Provided by the SAO/NASA Astrophysics Data System}
}

@ARTICLE{Wang16,
	author = {{Wang}, J.~J. and {Graham}, J.~R. and {Pueyo}, L. and {Kalas}, P. and 
	{Millar-Blanchaer}, M.~A. and {Ruffio}, J.-B. and {De Rosa}, R.~J. and 
	{Ammons}, S.~M. and {Arriaga}, P. and {Bailey}, V.~P. and {Barman}, T.~S. and 
	{Bulger}, J. and {Burrows}, A.~S. and {Cardwell}, A. and {Chen}, C.~H. and 
	{Chilcote}, J.~K. and {Cotten}, T. and {Fitzgerald}, M.~P. and 
	{Follette}, K.~B. and {Doyon}, R. and {Duch{\^e}ne}, G. and 
	{Greenbaum}, A.~Z. and {Hibon}, P. and {Hung}, L.-W. and {Ingraham}, P. and 
	{Konopacky}, Q.~M. and {Larkin}, J.~E. and {Macintosh}, B. and 
	{Maire}, J. and {Marchis}, F. and {Marley}, M.~S. and {Marois}, C. and 
	{Metchev}, S. and {Nielsen}, E.~L. and {Oppenheimer}, R. and 
	{Palmer}, D.~W. and {Patel}, R. and {Patience}, J. and {Perrin}, M.~D. and 
	{Poyneer}, L.~A. and {Rajan}, A. and {Rameau}, J. and {Rantakyr{\"o}}, F.~T. and 
	{Savransky}, D. and {Sivaramakrishnan}, A. and {Song}, I. and 
	{Soummer}, R. and {Thomas}, S. and {Vasisht}, G. and {Vega}, D. and 
	{Wallace}, J.~K. and {Ward-Duong}, K. and {Wiktorowicz}, S.~J. and 
	{Wolff}, S.~G.},
	title = "{The Orbit and Transit Prospects for {$\beta$} Pictoris b Constrained with One Milliarcsecond Astrometry}",
	journal = {\aj},
	archivePrefix = "arXiv",
	eprint = {1607.05272},
	primaryClass = "astro-ph.EP",
	keywords = {astrometry, planets and satellites: individual: {$\beta$} Pictoris b, techniques: image processing},
	year = 2016,
	month = oct,
	volume = 152,
	eid = {97},
	pages = {97},
	doi = {10.3847/0004-6256/152/4/97},
	adsurl = {http://adsabs.harvard.edu/abs/2016AJ....152...97W},
	adsnote = {Provided by the SAO/NASA Astrophysics Data System}
}


@ARTICLE{Kenworthy15,
	author = {{Kenworthy}, M.~A. and {Mamajek}, E.~E.},
	title = "{Modeling Giant Extrasolar Ring Systems in Eclipse and the Case of J1407b: Sculpting by Exomoons?}",
	journal = {\apj},
	archivePrefix = "arXiv",
	eprint = {1501.05652},
	primaryClass = "astro-ph.SR",
	keywords = {eclipses, planets and satellites: rings, protoplanetary disks, stars: individual: 1SWASP J140747.93-394542.6, techniques: high angular resolution },
	year = 2015,
	month = feb,
	volume = 800,
	eid = {126},
	pages = {126},
	doi = {10.1088/0004-637X/800/2/126},
	adsurl = {http://adsabs.harvard.edu/abs/2015ApJ...800..126K},
	adsnote = {Provided by the SAO/NASA Astrophysics Data System}
}

@ARTICLE{Gillon17,
       author = {{Gillon}, Micha{\"e}l and {Triaud}, Amaury H.~M.~J. and
         {Demory}, Brice-Olivier and {Jehin}, Emmanu{\"e}l and {Agol}, Eric and
         {Deck}, Katherine M. and {Lederer}, Susan M. and {de Wit}, Julien and
         {Burdanov}, Artem and {Ingalls}, James G.},
        title = "{Seven temperate terrestrial planets around the nearby ultracool dwarf star TRAPPIST-1}",
      journal = {\nat},
     keywords = {Astrophysics - Earth and Planetary Astrophysics},
         year = "2017",
        month = "Feb",
       volume = {542},
       number = {7642},
        pages = {456-460},
          doi = {10.1038/nature21360},
archivePrefix = {arXiv},
       eprint = {1703.01424},
 primaryClass = {astro-ph.EP},
       adsurl = {https://ui.adsabs.harvard.edu/abs/2017Natur.542..456G},
      adsnote = {Provided by the SAO/NASA Astrophysics Data System}
}

@ARTICLE{Williams11,
       author = {{Williams}, Jonathan P. and {Cieza}, Lucas A.},
        title = "{Protoplanetary Disks and Their Evolution}",
      journal = {\araa},
     keywords = {Astrophysics - Galaxy Astrophysics, Astrophysics - Earth and Planetary Astrophysics, Astrophysics - Solar and Stellar Astrophysics},
         year = "2011",
        month = "Sep",
       volume = {49},
       number = {1},
        pages = {67-117},
          doi = {10.1146/annurev-astro-081710-102548},
archivePrefix = {arXiv},
       eprint = {1103.0556},
 primaryClass = {astro-ph.GA},
       adsurl = {https://ui.adsabs.harvard.edu/abs/2011ARA&A..49...67W},
      adsnote = {Provided by the SAO/NASA Astrophysics Data System}
}

@ARTICLE{Matra19,
       author = {{Matr{\`a}}, L. and {Wyatt}, M.~C. and {Wilner}, D.~J. and
         {Dent}, W.~R.~F. and {Marino}, S. and {Kennedy}, G.~M. and {Milli}, J.},
        title = "{Kuiper Belt‚îÄlike Hot and Cold Populations of Planetesimal Inclinations in the {\ensuremath{\beta}} Pictoris Belt Revealed by ALMA}",
      journal = {\aj},
     keywords = {circumstellar matter, Kuiper belt: general, planetary systems, protoplanetary disks, stars: individual: {\ensuremath{\beta}} Pictoris, submillimeter: planetary systems, Astrophysics - Earth and Planetary Astrophysics, Astrophysics - Solar and Stellar Astrophysics},
         year = "2019",
        month = "Apr",
       volume = {157},
       number = {4},
          eid = {135},
        pages = {135},
          doi = {10.3847/1538-3881/ab06c0},
archivePrefix = {arXiv},
       eprint = {1902.04081},
 primaryClass = {astro-ph.EP},
       adsurl = {https://ui.adsabs.harvard.edu/abs/2019AJ....157..135M},
      adsnote = {Provided by the SAO/NASA Astrophysics Data System}
}



@ARTICLE{Perez15,
       author = {{Perez}, Sebastian and {Dunhill}, A. and {Casassus}, S. and {Roman}, P. and
         {Szul{\'a}gyi}, J. and {Flores}, C. and {Marino}, S. and
         {Montesinos}, M.},
        title = "{Planet Formation Signposts: Observability of Circumplanetary Disks via Gas Kinematics}",
      journal = {\apjl},
     keywords = {planets and satellites: formation, planet‚îÄdisk interactions, protoplanetary disks, Astrophysics - Earth and Planetary Astrophysics},
         year = "2015",
        month = "Sep",
       volume = {811},
       number = {1},
          eid = {L5},
        pages = {L5},
          doi = {10.1088/2041-8205/811/1/L5},
archivePrefix = {arXiv},
       eprint = {1505.06808},
 primaryClass = {astro-ph.EP},
       adsurl = {https://ui.adsabs.harvard.edu/abs/2015ApJ...811L...5P},
      adsnote = {Provided by the SAO/NASA Astrophysics Data System}
}

@ARTICLE{Zhu18,
       author = {{Zhu}, Zhaohuan and {Andrews}, Sean M. and {Isella}, Andrea},
        title = "{On the radio detectability of circumplanetary discs}",
      journal = {\mnras},
     keywords = {radiation mechanisms: thermal, planets and satellites: detection, planet-disc interactions, protoplanetary discs, brown dwarfs, radio continuum: planetary systems, submillimetre: planetary systems, Astrophysics - Earth and Planetary Astrophysics},
         year = "2018",
        month = "Sep",
       volume = {479},
       number = {2},
        pages = {1850-1865},
          doi = {10.1093/mnras/sty1503},
archivePrefix = {arXiv},
       eprint = {1708.07287},
 primaryClass = {astro-ph.EP},
       adsurl = {https://ui.adsabs.harvard.edu/abs/2018MNRAS.479.1850Z},
      adsnote = {Provided by the SAO/NASA Astrophysics Data System}
}

@ARTICLE{Pinilla13,
       author = {{Pinilla}, P. and {Birnstiel}, T. and {Benisty}, M. and {Ricci}, L. and
         {Natta}, A. and {Dullemond}, C.~P. and {Dominik}, C. and {Testi}, L.},
        title = "{Explaining millimeter-sized particles in brown dwarf disks}",
      journal = {\aap},
     keywords = {accretion, accretion disks, protoplanetary disks, circumstellar matter, brown dwarfs, planets and satellites: formation, Astrophysics - Earth and Planetary Astrophysics},
         year = "2013",
        month = "Jun",
       volume = {554},
          eid = {A95},
        pages = {A95},
          doi = {10.1051/0004-6361/201220875},
archivePrefix = {arXiv},
       eprint = {1304.6638},
 primaryClass = {astro-ph.EP},
       adsurl = {https://ui.adsabs.harvard.edu/abs/2013A&A...554A..95P},
      adsnote = {Provided by the SAO/NASA Astrophysics Data System}
}

@ARTICLE{Perez191,
       author = {{P{\'e}rez}, Sebasti{\'a}n and {Casassus}, Simon and {Hales}, Antonio and
         {Marino}, Sebasti{\'a}n and {Cheetham}, Anthony and {Zurlo}, Alice and
         {Cieza}, Lucas and {Dong}, Ruobing and {Alarc{\'o}n}, Felipe and
         {Ben{\'\i}tez-Llambay}, Pablo},
        title = "{Long baseline observations of HD100546 with ALMA: a possible circumplanetary disk detected in dust continuum and gas kinematics}",
      journal = {arXiv e-prints},
     keywords = {Astrophysics - Earth and Planetary Astrophysics, Astrophysics - Solar and Stellar Astrophysics},
         year = "2019",
        month = "Jun",
          eid = {arXiv:1906.06305},
        pages = {arXiv:1906.06305},
archivePrefix = {arXiv},
       eprint = {1906.06305},
 primaryClass = {astro-ph.EP},
       adsurl = {https://ui.adsabs.harvard.edu/abs/2019arXiv190606305P},
      adsnote = {Provided by the SAO/NASA Astrophysics Data System}
}

@ARTICLE{Ginski18,
       author = {{Ginski}, C. and {Benisty}, M. and {van Holstein}, R.~G. and
         {Juh{\'a}sz}, A. and {Schmidt}, T.~O.~B. and {Chauvin}, G. and
         {de Boer}, J. and {Wilby}, M. and {Manara}, C.~F. and {Delorme}, P.},
        title = "{First direct detection of a polarized companion outside a resolved circumbinary disk around CS Chamaeleonis}",
      journal = {\aap},
     keywords = {stars: individual: CS Cha, protoplanetary disks, planet-disk interactions, techniques: polarimetric, Astrophysics - Earth and Planetary Astrophysics},
         year = "2018",
        month = "Aug",
       volume = {616},
          eid = {A79},
        pages = {A79},
          doi = {10.1051/0004-6361/201732417},
archivePrefix = {arXiv},
       eprint = {1805.02261},
 primaryClass = {astro-ph.EP},
       adsurl = {https://ui.adsabs.harvard.edu/abs/2018A&A...616A..79G},
      adsnote = {Provided by the SAO/NASA Astrophysics Data System}
}


@ARTICLE{Bayo17,
       author = {{Bayo}, Amelia and {Joergens}, Viki and {Liu}, Yao and {Brauer}, Robert and
         {Olofsson}, Johan and {Arancibia}, Javier and {Pinilla}, Paola and
         {Wolf}, Sebastian and {Ruge}, Jan Philipp and {Henning}, Thomas},
        title = "{First Millimeter Detection of the Disk around a Young, Isolated, Planetary-mass Object}",
      journal = {\apjl},
     keywords = {brown dwarfs, stars: formation, stars: low-mass, stars: pre-main sequence, Astrophysics - Solar and Stellar Astrophysics, Astrophysics - Earth and Planetary Astrophysics, Astrophysics - Astrophysics of Galaxies},
         year = "2017",
        month = "May",
       volume = {841},
       number = {1},
          eid = {L11},
        pages = {L11},
          doi = {10.3847/2041-8213/aa7046},
archivePrefix = {arXiv},
       eprint = {1705.06378},
 primaryClass = {astro-ph.SR},
       adsurl = {https://ui.adsabs.harvard.edu/abs/2017ApJ...841L..11B},
      adsnote = {Provided by the SAO/NASA Astrophysics Data System}
}

@ARTICLE{Wolff17,
       author = {{Wolff}, Schuyler G. and {M{\'e}nard}, Fran{\c{c}}ois and
         {Caceres}, Claudio and {Lef{\`e}vre}, Charlene and {Bonnefoy}, Mickael and
         {C{\'a}novas}, H{\'e}ctor and {Maret}, S{\'e}bastien and
         {Pinte}, Christophe and {Schreiber}, Matthias R. and
         {van der Plas}, Gerrit},
        title = "{An Upper Limit on the Mass of the Circumplanetary Disk for DH Tau b}",
      journal = {\aj},
     keywords = {circumstellar matter, planetary systems, stars: individual: DH Tau, Astrophysics - Earth and Planetary Astrophysics},
         year = "2017",
        month = "Jul",
       volume = {154},
       number = {1},
          eid = {26},
        pages = {26},
          doi = {10.3847/1538-3881/aa74cd},
archivePrefix = {arXiv},
       eprint = {1705.08470},
 primaryClass = {astro-ph.EP},
       adsurl = {https://ui.adsabs.harvard.edu/abs/2017AJ....154...26W},
      adsnote = {Provided by the SAO/NASA Astrophysics Data System}
}

@INPROCEEDINGS{Solomonidou14,
	author = {{Solomonidou}, A. and {Coustenis}, A. and {Encrenaz}, T. and 
	{Sohl}, F. and {Hussmann}, H. and {Bampasidis}, G. and {Wagner}, F.~W. and 
	{Raulin}, F. and {Schulze-Makuch}, D. and {Lopes}, R.~M.~C.},
	title = "{Habitability Potential of Icy Moons: A Comparative Study}",
	booktitle = {Workshop on the Habitability of Icy Worlds},
	year = 2014,
	series = {LPI Contributions},
	volume = 1774,
	month = feb,
	pages = {4014},
	adsurl = {http://adsabs.harvard.edu/abs/2014LPICo1774.4014S},
	adsnote = {Provided by the SAO/NASA Astrophysics Data System}
}

@ARTICLE{Tajima97,
   author = {{Tajima}, N. and {Nakagawa}, Y.},
    title = "{Evolution and Dynamical Stability of the Proto-giant-planet Envelope}",
  journal = {\icarus},
     year = 1997,
    month = apr,
   volume = 126,
    pages = {282-292},
      doi = {10.1006/icar.1996.5651},
   adsurl = {http://adsabs.harvard.edu/abs/1997Icar..126..282T},
  adsnote = {Provided by the SAO/NASA Astrophysics Data System}
}

@ARTICLE{Martin11,
   author = {{Martin}, R.~G. and {Lubow}, S.~H.},
    title = "{Tidal truncation of circumplanetary discs}",
  journal = {\mnras},
archivePrefix = "arXiv",
   eprint = {1012.4102},
 primaryClass = "astro-ph.EP",
 keywords = {accretion, accretion discs, planets and satellites: formation, planet-disc interactions, planetary systems},
     year = 2011,
    month = may,
   volume = 413,
    pages = {1447-1461},
      doi = {10.1111/j.1365-2966.2011.18228.x},
   adsurl = {http://adsabs.harvard.edu/abs/2011MNRAS.413.1447M},
  adsnote = {Provided by the SAO/NASA Astrophysics Data System}
}

@ARTICLE{Quillen98,
   author = {{Quillen}, A.~C. and {Trilling}, D.~E.},
    title = "{Do Proto-jovian Planets Drive Outflows?}",
  journal = {\apj},
   eprint = {arXiv:astro-ph/9712033},
 keywords = {ISM: JETS AND OUTFLOWS, MAGNETOHYDRODYNAMICS: MHD, STARS: PLANETARY SYSTEMS, STARS: MASS LOSS, STARS: PRE-MAIN-SEQUENCE},
     year = 1998,
    month = dec,
   volume = 508,
    pages = {707-713},
      doi = {10.1086/306421},
   adsurl = {http://adsabs.harvard.edu/abs/1998ApJ...508..707Q},
  adsnote = {Provided by the SAO/NASA Astrophysics Data System}
}

@ARTICLE{Rab19,
       author = {{Rab}, Ch. and {Kamp}, I. and {Ginski}, C. and {Oberg}, N. and
         {Muro-Arena}, G.~A. and {Dominik}, C. and {Waters}, L.~B.~F.~M. and
         {Thi}, W. -F. and {Woitke}, P.},
        title = "{Observing the gas component of circumplanetary disks around wide-orbit planet-mass companions in the (sub)mm regime}",
      journal = {\aap},
     keywords = {planets and satellites: formation, submillimeter: planetary systems, stars: pre-main sequence, accretion, accretion disks, methods: numerical, planetary systems, Astrophysics - Solar and Stellar Astrophysics, Astrophysics - Earth and Planetary Astrophysics},
         year = "2019",
        month = "Apr",
       volume = {624},
          eid = {A16},
        pages = {A16},
          doi = {10.1051/0004-6361/201834899},
archivePrefix = {arXiv},
       eprint = {1902.04096},
 primaryClass = {astro-ph.SR},
       adsurl = {https://ui.adsabs.harvard.edu/abs/2019A&A...624A..16R},
      adsnote = {Provided by the SAO/NASA Astrophysics Data System}
}

@ARTICLE{Kennedy11,
   author = {{Kennedy}, G.~M. and {Wyatt}, M.~C.},
    title = "{Collisional evolution of irregular satellite swarms: detectable dust around Solar system and extrasolar planets}",
  journal = {\mnras},
archivePrefix = "arXiv",
   eprint = {1011.4858},
 primaryClass = "astro-ph.EP",
 keywords = {planets and satellites: detection, planets and satellites: general, circumstellar matter, planetary systems},
     year = 2011,
    month = apr,
   volume = 412,
    pages = {2137-2153},
      doi = {10.1111/j.1365-2966.2010.18041.x},
   adsurl = {http://adsabs.harvard.edu/abs/2011MNRAS.412.2137K},
  adsnote = {Provided by the SAO/NASA Astrophysics Data System}
}

@ARTICLE{Shabram13,
       author = {{Shabram}, Megan and {Boley}, Aaron C.},
        title = "{The Evolution of Circumplanetary Disks around Planets in Wide Orbits: Implications for Formation Theory, Observations, and Moon Systems}",
      journal = {\apj},
     keywords = {accretion, accretion disks, hydrodynamics, planets and satellites: dynamical evolution and stability, planets and satellites: formation, radiative transfer, shock waves, Astrophysics - Earth and Planetary Astrophysics},
         year = "2013",
        month = "Apr",
       volume = {767},
       number = {1},
          eid = {63},
        pages = {63},
          doi = {10.1088/0004-637X/767/1/63},
archivePrefix = {arXiv},
       eprint = {1302.3538},
 primaryClass = {astro-ph.EP},
       adsurl = {https://ui.adsabs.harvard.edu/abs/2013ApJ...767...63S},
      adsnote = {Provided by the SAO/NASA Astrophysics Data System}
}

@ARTICLE{stuik2017,
   author = {{Stuik}, R. and {Bailey}, J.~I. and {Dorval}, P. and {Talens}, G.~J.~J. and 
	{Laginja}, I. and {Mellon}, S.~N. and {Lomberg}, B.~B.~D. and 
	{Crawford}, S.~M. and {Ireland}, M.~J. and {Mamajek}, E.~E. and 
	{Kenworthy}, M.~A.},
    title = "{bRing: An observatory dedicated to monitoring the {$\beta$} Pictoris b Hill sphere transit}",
  journal = {\aap},
archivePrefix = "arXiv",
   eprint = {1709.01325},
 primaryClass = "astro-ph.IM",
 keywords = {planets and satellites: gaseous planets, planets and satellites: formation, planets and satellites: rings, eclipses, instrumentation: photometers},
     year = 2017,
    month = nov,
   volume = 607,
      eid = {A45},
    pages = {A45},
      doi = {10.1051/0004-6361/201731679},
   adsurl = {https://ui.adsabs.harvard.edu/abs/2017A%26A...607A..45S},
  adsnote = {Provided by the SAO/NASA Astrophysics Data System}
}


@ARTICLE{Kraus20,
       author = {{Kraus}, Stefan and {Le Bouquin}, Jean-Baptiste and {Kreplin}, Alexand
        er and {Davies}, Claire L. and {Hone}, Edward and {Monnier}, John D. and
         {Gardner}, Tyler and {Kennedy}, Grant and {Hinkley}, Sasha},
        title = "{Spin-Orbit Alignment of the {\ensuremath{\beta}} Pictoris Planetary System}",
      journal = {\apjl},
     keywords = {UAT:1257, UAT:1629, UAT:421, UAT:805, Astrophysics - Earth and Planetary Astrophysics, Astrophysics - Solar and Stellar Astrophysics},
         year = 2020,
        month = jul,
       volume = {897},
       number = {1},
          eid = {L8},
        pages = {L8},
          doi = {10.3847/2041-8213/ab9d27},
archivePrefix = {arXiv},
       eprint = {2006.10784},
 primaryClass = {astro-ph.EP},
       adsurl = {https://ui.adsabs.harvard.edu/abs/2020ApJ...897L...8K},
      adsnote = {Provided by the SAO/NASA Astrophysics Data System}
}

@ARTICLE{Snellen14,
   author = {{Snellen}, I.~A.~G. and {Brandl}, B.~R. and {de Kok}, R.~J.
and
    {Brogi}, M. and {Birkby}, J. and {Schwarz}, H.},
    title = "{Fast spin of the young extrasolar planet {$\beta$}
Pictoris b}",
  journal = {\nat},
     year = 2014,
    month = may,
   volume = 509,
    pages = {63-65},
      doi = {10.1038/nature13253},
   adsurl = {http://adsabs.harvard.edu/abs/2014Natur.509...63S},
  adsnote = {Provided by the SAO/NASA Astrophysics Data System}
}
@ARTICLE{talens2017,
   author = {{Talens}, G.~J.~J. and {Spronck}, J.~F.~P. and {Lesage}, A.-L. and 
	{Otten}, G.~P.~P.~L. and {Stuik}, R. and {Pollacco}, D. and 
	{Snellen}, I.~A.~G.},
    title = "{The Multi-site All-Sky CAmeRA (MASCARA). Finding transiting exoplanets around bright (m$_{V}$ $\lt$ 8) stars}",
  journal = {\aap},
archivePrefix = "arXiv",
   eprint = {1702.03931},
 primaryClass = "astro-ph.IM",
 keywords = {surveys, planetary systems, eclipses, telescopes, instrumentation: detectors},
     year = 2017,
    month = may,
   volume = 601,
      eid = {A11},
    pages = {A11},
      doi = {10.1051/0004-6361/201630319},
   adsurl = {https://ui.adsabs.harvard.edu/abs/2017A%26A...601A..11T},
  adsnote = {Provided by the SAO/NASA Astrophysics Data System}
}


@ARTICLE{talens2018,
   author = {{Talens}, G.~J.~J. and {Deul}, E.~R. and {Stuik}, R. and {Burggraaff}, O. and 
	{Lesage}, A.-L. and {Spronck}, J.~F.~P. and {Mellon}, S.~N. and 
	{Bailey}, J.~I. and {Mamajek}, E.~E. and {Kenworthy}, M.~A. and 
	{Snellen}, I.~A.~G.},
    title = "{Data calibration for the MASCARA and bRing instruments}",
  journal = {\aap},
archivePrefix = "arXiv",
   eprint = {1810.04060},
 primaryClass = "astro-ph.EP",
 keywords = {surveys, planetary systems, eclipses, telescopes, methods: data analysis},
     year = 2018,
    month = nov,
   volume = 619,
      eid = {A154},
    pages = {A154},
      doi = {10.1051/0004-6361/201834070},
   adsurl = {https://ui.adsabs.harvard.edu/abs/2018A%26A...619A.154T},
  adsnote = {Provided by the SAO/NASA Astrophysics Data System}
}

@ARTICLE{Johnson2015,
       author = {{Johnson}, Marshall C. and {Cochran}, William D. and {Collier Cameron},
        Andrew and {Bayliss}, Daniel},
        title = "{Measurement of the Nodal Precession of WASP-33 b via Doppler Tomography}",
      journal = {\apj},
     keywords = {line: profiles, planet‚îÄstar interactions, planetary systems, planets and satellites: individual: WASP-33 b, techniques: spectroscopic, Astrophysics - Earth and Planetary Astrophysics, Astrophysics - Solar and Stellar Astrophysics},
         year = 2015,
        month = Sep,
       volume = {810},
          eid = {L23},
        pages = {L23},
          doi = {10.1088/2041-8205/810/2/L23},
archivePrefix = {arXiv},
       eprint = {1508.02398},
 primaryClass = {astro-ph.EP},
       adsurl = {https://ui.adsabs.harvard.edu/\#abs/2015ApJ...810L..23J},
      adsnote = {Provided by the SAO/NASA Astrophysics Data System}
}

% Additions by Tristan

@ARTICLE{Mekarnia+2016,
       author = {{M{\'e}karnia}, D. and {Guillot}, T. and {Rivet}, J. -P. and
         {Schmider}, F. -X. and {Abe}, L. and {Gon{\c{c}}alves}, I. and
         {Agabi}, A. and {Crouzet}, N. and {Fruth}, T. and {Barbieri}, M. and
         {Bayliss}, D.~D.~R. and {Zhou}, G. and {Aristidi}, E. and
         {Szulagyi}, J. and {Daban}, J. -B. and {Fante{\"\i}-Caujolle}, Y. and
         {Gouvret}, C. and {Erikson}, A. and {Rauer}, H. and {Bouchy}, F. and
         {Gerakis}, J. and {Bouchez}, G.},
        title = "{Transiting planet candidates with ASTEP 400 at Dome C, Antarctica}",
      journal = {\mnras},
     keywords = {instrumentation: photometers, methods: data analysis, methods: observational, planetary systems},
         year = 2016,
        month = nov,
       volume = {463},
       number = {1},
        pages = {45-62},
          doi = {10.1093/mnras/stw1934},
       adsurl = {https://ui.adsabs.harvard.edu/abs/2016MNRAS.463...45M},
      adsnote = {Provided by the SAO/NASA Astrophysics Data System}
}

@ARTICLE{Crouzet+2018,
       author = {{Crouzet}, N. and {Chapellier}, E. and {Guillot}, T. and
         {M{\'e}karnia}, D. and {Agabi}, A. and {Fante{\"\i}-Caujolle}, Y. and
         {Abe}, L. and {Rivet}, J. -P. and {Schmider}, F. -X. and {Fressin}, F. and
         {Bondoux}, E. and {Challita}, Z. and {Pouzenc}, C. and
         {Valbousquet}, F. and {Bayliss}, D. and {Bonhomme}, S. and
         {Daban}, J. -B. and {Gouvret}, C. and {Blazit}, A.},
        title = "{Four winters of photometry with ASTEP South at Dome C, Antarctica}",
      journal = {\aap},
     keywords = {methods: observational, methods: data analysis, techniques: photometric, site testing, stars: variables: delta Scuti, binaries: eclipsing, Astrophysics - Instrumentation and Methods for Astrophysics, Astrophysics - Earth and Planetary Astrophysics},
         year = 2018,
        month = nov,
       volume = {619},
          eid = {A116},
        pages = {A116},
          doi = {10.1051/0004-6361/201732565},
archivePrefix = {arXiv},
       eprint = {1807.10807},
 primaryClass = {astro-ph.IM},
       adsurl = {https://ui.adsabs.harvard.edu/abs/2018A&A...619A.116C},
      adsnote = {Provided by the SAO/NASA Astrophysics Data System}
}

@ARTICLE{Stevenson2014a,
   author = {{Stevenson}, K.~B. and {Bean}, J.~L. and {Seifahrt}, A. and 
	{D{\'e}sert}, J.-M. and {Madhusudhan}, N. and {Bergmann}, M. and 
	{Kreidberg}, L. and {Homeier}, D.},
    title = "{Transmission Spectroscopy of the Hot Jupiter WASP-12b from 0.7 to 5 {$\mu$}m}",
  journal = {aj},
archivePrefix = "arXiv",
   eprint = {1305.1670},
 primaryClass = "astro-ph.EP",
 keywords = {planetary systems, stars: individual: WASP-12, techniques: spectroscopic },
     year = 2014,
    month = jun,
   volume = 147,
      eid = {161},
    pages = {161},
      doi = {10.1088/0004-6256/147/6/161},
   adsurl = {http://adsabs.harvard.edu/abs/2014AJ....147..161S},
  adsnote = {Provided by the SAO/NASA Astrophysics Data System}
}

@ARTICLE{Stevenson2014c,
   author = {{Stevenson}, K.~B. and {Desert}, J.-M. and {Line}, M.~R. and 
	{Bean}, J.~L. and {Fortney}, J.~J. and {Showman}, A.~P. and 
	{Kataria}, T. and {Kreidberg}, L. and {McCullough}, P.~R. and 
	{Henry}, G.~W. and {Charbonneau}, D. and {Burrows}, A. and {Seager}, S. and 
	{Madhusudhan}, N. and {Williamson}, M.~H. and {Homeier}, D.},
    title = "{Thermal structure of an exoplanet atmosphere from phase-resolved emission spectroscopy}",
  journal = {Science},
archivePrefix = "arXiv",
   eprint = {1410.2241},
 primaryClass = "astro-ph.EP",
 keywords = {Astrophysics - Earth and Planetary Astrophysics, Astrophysics - Instrumentation and Methods for Astrophysics},
     year = 2014,
    month = nov,
   volume = 346,
    pages = {838},
   adsurl = {http://adsabs.harvard.edu/abs/2014arXiv1410.2241S},
  adsnote = {Provided by the SAO/NASA Astrophysics Data System}
}

@ARTICLE{Lambrechts12,
       author = {{Lambrechts}, M. and {Johansen}, A.},
        title = "{Rapid growth of gas-giant cores by pebble accretion}",
      journal = {\aap},
     keywords = {accretion, accretion disks, hydrodynamics, methods: numerical, planets and satellites: formation, protoplanetary disks, Astrophysics - Earth and Planetary Astrophysics},
         year = 2012,
        month = aug,
       volume = {544},
          eid = {A32},
        pages = {A32},
          doi = {10.1051/0004-6361/201219127},
archivePrefix = {arXiv},
       eprint = {1205.3030},
 primaryClass = {astro-ph.EP},
       adsurl = {https://ui.adsabs.harvard.edu/abs/2012A&A...544A..32L},
      adsnote = {Provided by the SAO/NASA Astrophysics Data System}
}

@ARTICLE{Lubow99,
       author = {{Lubow}, S.~H. and {Seibert}, M. and {Artymowicz}, P.},
        title = "{Disk Accretion onto High-Mass Planets}",
      journal = {\apj},
     keywords = {ACCRETION, ACCRETION DISKS, HYDRODYNAMICS, METHODS: NUMERICAL, STARS: PLANETARY SYSTEMS, SOLAR SYSTEM: FORMATION, Accretion, Accretion Disks, Hydrodynamics, Methods: Numerical, Stars: Planetary Systems, Solar System: Formation, Astrophysics},
         year = 1999,
        month = dec,
       volume = {526},
       number = {2},
        pages = {1001-1012},
          doi = {10.1086/308045},
archivePrefix = {arXiv},
       eprint = {astro-ph/9910404},
 primaryClass = {astro-ph},
       adsurl = {https://ui.adsabs.harvard.edu/abs/1999ApJ...526.1001L},
      adsnote = {Provided by the SAO/NASA Astrophysics Data System}
}



@ARTICLE{Kruijer17,
       author = {{Kruijer}, Thomas S. and {Burkhardt}, Christoph and {Budde}, Gerrit and
         {Kleine}, Thorsten},
        title = "{Age of Jupiter inferred from the distinct genetics and formation times of meteorites}",
      journal = {Proceedings of the National Academy of Science},
     keywords = {Jupiter, giant planet formation, nucleosynthetic isotope anomalies, Hf-W chronometry, solar nebula},
         year = 2017,
        month = jun,
       volume = {114},
       number = {26},
        pages = {6712-6716},
          doi = {10.1073/pnas.1704461114},
       adsurl = {https://ui.adsabs.harvard.edu/abs/2017PNAS..114.6712K},
      adsnote = {Provided by the SAO/NASA Astrophysics Data System}
}


@ARTICLE{Mordasini18,
       author = {{Mordasini}, C. and {Alibert}, Y. and {Benz}, W. and {Klahr}, H. and
         {Henning}, T.},
        title = "{Extrasolar planet population synthesis . IV. Correlations with disk metallicity, mass, and lifetime}",
      journal = {\aap},
     keywords = {planetary systems, protoplanetary disks, planets and satellites: formation, planet-disk interactions, Astrophysics - Earth and Planetary Astrophysics},
         year = 2012,
        month = may,
       volume = {541},
          eid = {A97},
        pages = {A97},
          doi = {10.1051/0004-6361/201117350},
archivePrefix = {arXiv},
       eprint = {1201.1036},
 primaryClass = {astro-ph.EP},
       adsurl = {https://ui.adsabs.harvard.edu/abs/2012A&A...541A..97M},
      adsnote = {Provided by the SAO/NASA Astrophysics Data System}
}

@INPROCEEDINGS{Shanahan2019,

       author = {{Shanahan}, Clare and {McCullough}, Peter and {Baggett}, Sylvia},

        title = "{High Precision Photometry with Spatial Scans - WFC3 UVIS}",

    booktitle = {American Astronomical Society Meeting Abstracts \#233},

         year = 2019,

       series = {American Astronomical Society Meeting Abstracts},

       volume = {233},

        month = jan,

          eid = {158.08},

        pages = {158.08},

       adsurl = {https://ui.adsabs.harvard.edu/abs/2019AAS...23315808S},

      adsnote = {Provided by the SAO/NASA Astrophysics Data System}

}

 

